2142 3455
559 189 717 223 Monum.
746 189 954 232 (litteraria)
986 189 1062 223 199.
1093 188 1201 232 (1556
1228 188 1285 221 vel
1315 186 1433 231 1557.)
1796 187 1876 228 887

111 308 419 351 christianum“
457 307 726 360 vulgandum
759 321 953 356 curasse,
989 320 1115 360 quem
1149 306 1398 348 sacerdotes
1431 305 1473 346 in
1506 307 1728 359 posterum
1762 303 1882 357 sequi

112 374 318 416 deberent
341 372 576 428 (Jx'no'pfler
597 372 624 414 l.
646 386 680 414 0.
705 386 745 426 p.
767 372 982 424 25—26);
1007 372 1049 412 111
1073 375 1221 414 nostro
1246 374 1390 413 autem
1421 371 1548 419 „Ritu
1573 369 1883 412 communionis

111 438 348 481 catholico‘·
378 436 436 490 (n.
467 439 501 479 1.
527 439 571 479 et
594 437 653 490 2.)
678 450 729 478 ea
758 437 854 490 ipsa
885 437 1084 478 facinora
1114 436 1490 490 reprehenduntur
1517 439 1561 478 ct
1593 435 1882 487 corriguntur,

111 504 163 546 de
197 503 350 557 quibus
383 503 591 545 Albertus
624 504 804 555 questus
838 504 905 544 est
919 504 946 544 1.

231 569 379 611 Sermo
413 581 517 609 vero
550 567 724 616 latinus.
759 581 843 620 quo
883 566 1056 616 „Ritus“
1095 566 1163 608 1110
1197 567 1467 620 conscriptus
1500 568 1580 615 est,
1615 567 1668 607 ab
1702 579 1765 615 eo,
1800 579 1883 618 quo

111 633 308 676 Canisius
341 635 558 683 utebatur,
593 635 663 674 sat
696 632 894 674 diversus
923 646 1018 673 esse
1041 632 1226 674 videtur.
1282 632 1490 673 Attamen
1524 646 1601 685 per
1633 645 1679 673 se
1713 631 1882 684 quidem

110 699 212 741 licet
244 698 454 753 suspicari
487 697 703 740 Canisium
738 697 857 739 ducis
885 698 1044 750 rogatu
1083 697 1277 746 „Hitum“
1317 697 1429 738 hunc
1474 699 1518 738 et
1559 696 1696 739 latina
1736 695 1884 748 lingua

47 809 56 817 ,
111 764 380 817 vulgandum
427 764 519 805 sive
566 762 684 817 typis
733 762 1062 804 describendum
1110 776 1286 804 curasse
1335 762 1392 813 (n.
1441 762 1498 815 1.)
1547 764 1592 803 et
1639 761 1884 815 germanice

112 829 298 871 vertisse
331 828 389 881 (n.
426 830 484 882 2.)
517 831 648 881 atque
691 828 824 870 etiam
861 827 1158 880 germanicum
1198 827 1320 869 illum
1353 840 1595 868 sermonem
1629 828 1688 878 (11.
1724 827 1782 878 3.)
1816 826 1886 867 vel

112 894 405 949 composuisse
449 895 520 936 vel
564 894 720 936 saltem
765 893 885 948 prelo
930 892 1189 942 subiecisse,
1240 892 1311 945 qui
1360 907 1456 933 cum
1499 892 1580 933 hoc
1625 891 1886 933 catechismo

113 959 203 1002 eins
237 959 295 1012 (n.
331 959 391 1012 4.)
426 959 680 1001 coniunctus
722 962 810 1007 est;
855 973 955 1000 nam
998 957 1130 999 etiam
1172 960 1325 1011 postea
1367 957 1550 999 aliorum
1589 971 1720 1010 opera
1753 955 1888 998 vertit

113 1027 158 1068 et
189 1025 307 1079 typis
331 1025 615 1067 describenda
645 1023 828 1066 curavit.
882 1024 1089 1066 Fortasse
1121 1023 1256 1076 igitur
1287 1037 1374 1064 non
1406 1022 1545 1064 solum
1578 1021 1887 1064 catechismum

113 1105 260 1140 suum,
310 1090 562 1140 „Lectiones
604 1092 648 1132 et
681 1089 978 1144 precationes“
1018 1102 1141 1138 suas,
1185 1088 1519 1141 grammaticam
1553 1086 1770 1137 Codretti,
1813 1086 1887 1127 sed

114 1156 247 1198 etiam
278 1156 386 1198 haec
419 1158 444 1198 3
478 1156 686 1210 opuscula
719 1154 996 1208 significavit,
1031 1169 1127 1196 cum
1158 1153 1428 1207 Ingolstadio
1465 1155 1532 1196 10.
1556 1151 1746 1195 Ianuarii
1776 1152 1887 1193 1550

114 1221 303 1263 Henrico
337 1221 651 1271 Schweickero,
685 1220 858 1262 Alberti
890 1221 941 1263 V.
977 1219 1227 1270 secretario,
1262 1219 1494 1261 scriberet:
1535 1219 1653 1272 „Ego
1688 1217 1788 1259 dum
1821 1216 1889 1258 hic

115 1279 289 1331 adsum.
325 1322 330 1328 .
369 1323 375 1329 .
412 1322 419 1329 .
453 1301 634 1341 pergam
674 1286 718 1328 in
750 1285 1046 1341 praelegenda
1078 1285 1212 1334 Cura,
1255 1286 1304 1327 ut
1344 1287 1525 1334 uocant,
1569 1282 1803 1338 pastorali,
1846 1281 1889 1322 in

115 1366 294 1394 munere
339 1351 617 1394 contionandi
661 1352 845 1405 alijsque
888 1350 1106 1393 nonnullis
1150 1350 1219 1392 hic
1264 1349 1528 1392 excudendis
1570 1349 1623 1391 ad
1666 1347 1889 1390 Ecclesiae

117 1417 429 1468 utilitate1n“2,
472 1421 549 1460 aut
590 1432 687 1459 cum
719 1417 961 1459 Ratisbona
996 1418 1064 1459 11.
1098 1415 1323 1458 Februarii
1358 1417 1468 1457 1557
1505 1415 1558 1456 ad
1591 1413 1789 1456 Lainium
1823 1426 1890 1454 re-

117 1482 254 1525 ferret
286 1496 333 1524 se
365 1483 492 1525 modo
525 1482 695 1524 libellos
729 1482 937 1536 quosdam
970 1481 1244 1536 germanicos
1277 1483 1321 1523 et
1354 1480 1664 1523 catechismum
1695 1479 1739 1520 in
1766 1492 1890 1520 usum

118 1548 401 1602 parvulorum
442 1548 561 1602 typis
604 1548 913 1590 exscribendos
954 1561 1106 1589 curare
1122 1548 1151 1589 3.
1215 1546 1334 1596 Quae
1368 1546 1504 1588 verba
1546 1545 1646 1587 dum
1679 1543 1889 1598 expendo,

119 1613 260 1667 magis
300 1613 419 1655 feror
460 1614 514 1655 ad
557 1613 805 1659 dicendum.
848 1627 952 1655 vere
994 1612 1095 1654 anni
1131 1613 1242 1654 1557
1277 1611 1441 1653 minimi
1482 1611 1599 1652 illius
1640 1608 1892 1652 catechismi

118 1678 357 1732 germanici
398 1679 630 1721 editionem
673 1678 912 1733 principem
952 1678 995 1719 in
1036 1678 1176 1720 lucem
1208 1677 1418 1732 prodisse.
1490 1675 1886 1727 ‚‚Declarationem“

118 1746 267 1786 tamen
308 1744 428 1786 illam
470 1744 528 1797 (n.
565 1745 623 1797 5.)
657 1743 826 1786 Canisio
869 1746 1050 1786 curante
1090 1742 1209 1797 typis
1251 1742 1514 1796 descriptam
1557 1744 1601 1784 et
1642 1741 1892 1793 evulgatam

120 1823 215 1851 esse
256 1809 332 1851 vix
373 1809 599 1863 quisquam
645 1809 727 1851 sibi
766 1808 1056 1864 persuaserit3
1099 1822 1201 1850 nam
1234 1807 1429 1850 Canisius
1471 1809 1542 1849 sat
1582 1806 1710 1849 claris
1749 1804 1893 1846 verbis

121 1888 217 1916 eam
246 1875 499 1929 reprobavit
515 1876 552 1923 4;
587 1889 721 1928 qnare
743 1874 852 1916 haec
873 1874 1019 1929 potius
1042 1874 1149 1916 duce
1172 1873 1360 1924 iubente,
1395 1873 1566 1915 Canisio
1589 1874 1737 1914 autem
1758 1869 1893 1912 inscio

121 1942 166 1982 et
194 1939 346 1991 invito,
381 1940 473 1982 eius
496 1939 759 1983 catechismo
783 1940 931 1982 addita
955 1953 1050 1981 esse
1072 1938 1247 1981 videtur
1269 1953 1295 1980 a
1316 1938 1605 1993 typographo,
1640 1951 1692 1979 ea
1716 1934 1895 1978 licentia

121 2019 212 2056 uso,
247 2020 376 2059 quam
407 2005 709 2060 typographos
740 2005 909 2047 illorum
943 2007 1187 2059 temporum
1212 2018 1534 2057 nonnumquam
1556 2002 1638 2045 sibi
1659 2001 1895 2056 sumpsisse

120 2073 298 2126 praeter
328 2071 466 2113 multa
498 2071 585 2113 alia
613 2071 694 2113 1100
726 2070 868 2125 ipsum
889 2071 1060 2125 probat,
1095 2070 1207 2123 quod
1231 2069 1356 2112 annis
1382 2070 1493 2111 1559
1518 2071 1563 2111 et
1588 2069 1701 2110 1560
1724 2065 1894 2109 Canisio

121 2136 257 2179 inscio
290 2139 335 2180 et
365 2136 503 2179 invito
538 2136 815 2179 catechismis
848 2135 939 2178 eius
971 2150 1128 2178 nomen
1170 2134 1361 2177 auctoris
1402 2134 1700 2189 ascripserunt
1741 2135 1785 2174 et
1829 2130 1896 2185 (ut

122 2201 315 2256 videtur)
349 2202 537 2244 alienum
570 2202 787 2256 quoddam
822 2202 1076 2256 opusculum
1108 2201 1402 2243 adiunxerunt
1417 2201 1445 2242 5.

242 2294 474 2329 Clarissimus
498 2295 541 2330 D.
568 2295 629 2329 Dr.
656 2296 736 2329 Nic.
763 2296 902 2329 Paulas
937 2293 1064 2328 editori
1102 2294 1249 2338 scripsit
1285 2293 1320 2326 in
1347 2292 1586 2327 bibliothecae
1620 2291 1741 2335 regiae
1776 2300 1896 2323 mona-

123 2348 241 2383 censis
267 2347 448 2382 volumine
478 2348 633 2391 „Polem.
663 2348 765 2383 1127.
792 2349 854 2383 40“
885 2350 1031 2382 exstare
1056 2359 1115 2381 nn.
1142 2347 1174 2381 2.
1203 2346 1234 2381 3.
1261 2347 1294 2381 4.
1322 2347 1362 2387 5,
1401 2348 1438 2380 et
1473 2345 1633 2380 eiusdem
1658 2343 1897 2378 bibliothecae

124 2401 194 2436 vol.
227 2401 380 2443 ἩΡο10111.
407 2402 502 2437 802³.
529 2403 592 2436 40“
623 2405 766 2437 tantum
791 2414 825 2436 n.
855 2403 906 2443 1.,
945 2404 981 2436 et
1012 2400 1084 2435 vol.
1116 2400 1273 2444 „Liturg
1301 2400 1382 2434 484.
1408 2400 1470 2433 40“
1510 2401 1653 2433 tantum
1686 2409 1720 2431 n.
1749 2397 1780 2431 2.
1817 2407 1896 2430 con-

122 2455 258 2495 tinere,
294 2457 402 2500 atque
428 2456 464 2489 in
490 2456 596 2490 huius
621 2468 655 2490 n.
683 2457 716 2491 2.
752 2455 837 2490 folio
873 2454 1012 2489 titulari
1044 2454 1137 2496 „lolr
1164 2454 1386 2488 Hartmann“
1427 2453 1573 2487 notasse
1611 2463 1650 2486 se
1685 2461 1777 2484 anno
1806 2449 1894 2484 1577

123 2508 285 2543 libellum
311 2508 413 2543 illum
438 2510 596 2544 nondum
621 2509 775 2554 ligatum
802 2509 932 2544 emisse
955 2509 994 2550 „6
1014 2507 1080 2542 dl.“
1111 2508 1211 2542 Haec
1237 2508 1333 2541 certe
1359 2506 1513 2552 probant
1537 2517 1595 2539 nn.
1617 2505 1647 2539 1.
1676 2506 1712 2538 et
1729 2503 1761 2538 2.
1788 2502 1896 2537 etiam

124 2563 321 2608 separatim
348 2563 515 2598 veniisse.
550 2563 720 2598 Fortasse
747 2563 857 2597 etiam
883 2561 1017 2606 singuli
1044 2573 1089 2596 ex
1114 2573 1174 2595 nn.
1202 2560 1233 2595 3.
1260 2561 1293 2595 4.
1321 2561 1353 2594 5.
1381 2559 1577 2605 separatim
1603 2557 1752 2592 venales
1783 2558 1896 2591 erant.

244 2641 288 2675 A.
309 2639 411 2680 1558,
437 2642 478 2674 ut
495 2640 567 2674 iam
584 2642 751 2674 notatum
770 2642 836 2674 est.
854 2638 991 2673 minimi
1011 2636 1222 2673 catechismi
1240 2636 1414 2671 canisiani
1433 2635 1548 2670 altera
1566 2635 1673 2670 editio
1692 2633 1899 2678 germanica

125 2693 162 2728 in
186 2693 305 2729 lucem
329 2693 472 2739 prodiit,
500 2704 613 2739 eaque
633 2693 802 2737 Dilingae
830 2705 850 2727 a
868 2692 1020 2726 Sebaldo
1037 2691 1166 2736 Mayer
1191 2690 1268 2725 sine
1287 2689 1444 2725 auctoris
1462 2689 1604 2724 nomine
1623 2699 1775 2722 excusa:
1806 2686 1899 2730 „SDer

125 2745 234 2782 atain
289 2746 518 2790 OEutetbifmuss
545 2747 655 2790 fenum
677 2747 680 2791 1
703 2747 828 2792 {urgeri
855 2745 1003 2790 gebetIen
1029 2744 1087 2787 fiir
1113 2743 1165 2779 bie
1212 2742 1430 2787 uinffistiqen.
1461 2742 1463 2787 1
1486 2740 1655 2786 {Regreifft
1673 2741 1750 2784 aud)
1770 2739 1895 2786 uinea}

249 2869 258 2889 ¹
289 2869 452 2911 „Ritum“
494 2869 589 2903 hunc
623 2870 706 2914 post
731 2878 864 2902 annum
893 2867 980 2900 1551
1018 2865 1260 2910 conscriptum
1295 2875 1375 2899 esse
1409 2864 1524 2908 liquet
1558 2875 1603 2897 ex
1639 2874 1698 2903 eo,
1735 2860 1829 2906 quod
1863 2859 1899 2894 in

127 2922 252 2956 eodem
285 2922 421 2956 mentio
454 2921 498 2957 fit
531 2921 703 2956 sessionis
729 2920 825 2955 XIV.
862 2918 1004 2954 concilii
1037 2918 1243 2960 tridentini,
1283 2918 1338 2952 25.
1373 2916 1588 2952 Novembris
1626 2916 1714 2950 1551
1754 2913 1899 2949 habitae

130 2975 253 3019 (Ritus
276 2974 302 3009 f.
329 2976 418 3021 ΑΗ]
434 2975 478 3019 ⁸).
625 2975 638 2995 ²
668 2976 755 3009 Can.
781 2973 871 3018 Epp.
898 2973 923 3013 Ι,
952 2972 1030 3007 592.

248 3028 261 3048 ³
291 3028 348 3070 „10
374 3028 489 3063 saccio
515 3030 678 3073 stampar
703 3027 832 3061 adesso
858 3028 955 3060 certe
982 3027 1119 3060 cosette
1145 3025 1181 3059 in
1207 3024 1416 3066 Tudescho,
1449 3027 1485 3058 et
1510 3035 1558 3057 un
1585 3021 1811 3057 Catechismo
1836 3031 1900 3065 per

127 3081 153 3115 li
177 3081 293 3127 putti“
327 3082 452 3127 (supra
478 3093 512 3126 p.
540 3082 614 3124 69).

248 3136 262 3155 ⁴
291 3135 378 3169 Can.
406 3135 495 3180 Epp.
521 3134 548 3175 Ι,
575 3133 671 3168 609².

250 3188 264 3208 5
289 3188 452 3222 Editoris
483 3187 751 3230 „Entstehung“
783 3189 850 3220 etc.
877 3197 910 3230 p.
939 3186 1002 3226 74;
1029 3188 1065 3220 et
1090 3196 1200 3231 supra
1225 3197 1258 3231 p.
1286 3184 1365 3220 681.
1394 3185 1473 3220 704.
1501 3185 1579 3219 745.
