2142 3455
217 144 298 185 178
796 138 876 172 271.
913 138 1078 173 Canisius
1105 138 1231 174 Iacobo
1258 139 1390 174 Lainio.

330 257 511 300 celebris
553 257 669 298 fama
711 270 788 310 per
828 256 1055 298 saxoniam
1096 257 1217 300 uolat
1262 260 1306 300 et
1338 271 1393 300 ex
1425 262 1635 312 suggestu
1668 259 1978 313 pronunciatur

212 337 278 365 me
312 324 410 377 post
433 335 711 375 congressum
746 335 841 362 cum
864 320 1060 375 Philippo
1081 323 1094 348 1
1128 335 1223 363 cum
1257 321 1311 364 ad
1338 322 1584 365 concionem
1617 324 1802 366 redirem
1833 324 1977 367 subito

211 387 476 430 obmutuisse
509 389 553 429 et
586 386 827 429 extinctum
862 399 970 428 esse.

329 453 434 494 Cum
476 451 817 493 Louaniensibus
858 451 1091 505 Theologis
1133 451 1204 504 qui
1246 452 1422 494 Patrem
1465 452 1702 495 Adrianum
1750 454 1976 508 permagni

210 518 399 568 faciunt,
435 531 485 559 ac
518 530 742 559 reuersum
775 530 869 558 esse
901 516 1094 569 gaudent
1110 517 1139 567 2,
1178 530 1256 570 per
1287 517 1399 559 belle
1431 517 1553 560 nobis
1586 519 1809 570 conuenit,
1852 519 1978 574 polli-

214 586 366 626 centur
399 596 575 637 operam
609 595 732 623 suam
766 581 819 623 ad
852 595 922 622 res
958 581 1126 635 collegij
1161 581 1443 624 Louaniensis
1477 584 1817 636 promouendas:
1858 584 1980 626 breui

211 648 435 691 discedent
468 651 512 690 et
534 646 628 701 ipsi,
664 646 765 700 quia
787 660 964 701 praeses
988 646 1186 700 colloquij
1221 646 1461 701 Episcopus
1484 647 1857 701 Numburgensis²¹
1888 663 1978 691 rem

209 717 349 757 totam
382 715 426 755 et
458 712 716 754 incidentem
751 711 940 753 maxime
973 711 1276 755 difficultatem
1309 712 1361 754 de
1393 712 1477 753 illis
1513 712 1701 755 exclusis
1734 713 1978 767 Theologis,

210 778 485 821 referendam
518 776 686 819 censuit
719 776 774 818 ad
806 776 978 830 Imperij
1013 779 1178 819 status:
1213 777 1289 818 sed
1321 791 1399 818 nos
1433 777 1691 830 colloquium
1725 777 1978 821 dissolutum

211 843 356 898 potius
398 856 528 897 quam
568 855 825 896 suspensum
868 841 1152 884 arbitramur:
1195 855 1274 883 nec
1312 841 1463 896 opinor
1506 856 1750 895 quenquam
1783 843 1982 886 lubenter

210 909 293 951 huc
325 921 515 961 unquam
548 907 802 958 rediturum,
837 910 885 950 ut
917 906 1106 948 maxime
1129 906 1397 960 Colloquium
1430 907 1758 950 restitueretur:
1792 907 1836 949 id
1868 908 1981 961 quod

212 987 351 1028 neque
385 973 643 1023 consultum,
677 986 817 1026 neque
849 972 1044 1014 futurum
1077 985 1172 1014 esse
1204 971 1399 1014 iudicant
1420 972 1653 1027 sapientes
1698 974 1842 1026 Atque
1874 973 1981 1015 haec

212 1039 255 1081 in
289 1039 456 1082 Genere
490 1037 605 1080 dicta
638 1037 726 1080 sint
758 1037 810 1079 de
850 1039 946 1080 tota
979 1037 1178 1091 colloquij
1222 1037 1467 1080 conditione
1509 1040 1552 1080 et
1596 1040 1737 1089 statu,
1784 1037 1852 1080 cui
1891 1041 1982 1081 tres

211 1118 383 1147 menses
417 1106 461 1146 et
494 1117 543 1145 eo
577 1102 762 1157 amplius
794 1102 1024 1145 tribuimus
1056 1102 1240 1145 Domino
1286 1103 1543 1153 adiuuante,
1590 1103 1662 1156 qui
1702 1117 1781 1158 pro
1814 1117 1982 1145 summa

212 1169 409 1213 bonitate
441 1183 520 1210 sua
553 1171 597 1211 et
628 1167 939 1211 intercessione
972 1171 1120 1210 uestra
1142 1168 1355 1223 suppleat,
1391 1168 1503 1221 quod
1536 1168 1703 1211 interea
1734 1168 1982 1222 neglectum

214 1250 239 1277 a
272 1234 395 1277 nobis
429 1236 508 1284 est,
543 1247 595 1275 ac
627 1232 803 1286 indigne
836 1232 1125 1276 commissum.

332 1301 464 1342 Pater
498 1295 758 1340 Grandanusb
791 1297 904 1339 aeris
936 1297 1061 1339 huius
1094 1298 1296 1340 benefitio
1330 1298 1501 1340 uidetur
1534 1298 1707 1341 adiutus
1739 1298 1896 1350 fuisse,
1937 1300 1982 1341 et

213 1367 261 1408 ut
293 1378 432 1419 spero,
467 1363 631 1406 ualebit
664 1362 802 1404 adhuc
834 1362 1008 1413 rectius,
1043 1377 1139 1405 cum
1172 1368 1317 1406 aerem
1350 1363 1538 1418 patrium
1571 1363 1769 1406 senserit.
1832 1363 1983 1406 Abibit

213 1432 359 1473 autem
390 1427 654 1484 propediem,
688 1442 774 1470 una
807 1442 902 1469 cum
925 1427 1266 1470 Louaniensibus
1290 1429 1534 1482 Theologis,
1569 1443 1647 1471 nec
1680 1429 1854 1471 dubium
1882 1428 1982 1482 quin

212 1495 356 1549 aliquo
398 1509 495 1537 cum
535 1493 683 1535 fructu
722 1493 766 1534 in
806 1493 986 1546 Belgica
1027 1493 1295 1545 uersabitur,
1340 1496 1389 1537 ut
1431 1494 1562 1536 etiam
1602 1494 1764 1536 fratres
1806 1494 1984 1549 cupiunt

213 1559 521 1603 Louanienses.
585 1558 661 1601 sed
693 1557 901 1613 precipua
934 1557 1017 1601 erit
1047 1558 1110 1599 illi
1143 1573 1246 1601 cura
1279 1559 1331 1601 de
1362 1559 1612 1602 valetudine
1644 1559 1892 1611 sarcienda,
1934 1562 1983 1602 ut

213 1626 257 1668 in
290 1628 507 1669 aestatem
546 1623 710 1666 firmior
750 1623 874 1666 nobis
909 1626 953 1666 et
986 1623 1244 1666 Germaniae
1275 1623 1319 1665 in
1351 1623 1534 1666 Domino
1566 1623 1837 1667 restituatur.
1900 1623 1983 1666 Hic

215 1691 342 1734 ualde
364 1692 519 1744 gratus
540 1688 624 1732 fuit
647 1691 691 1732 et
714 1688 976 1740 commodus,
1003 1689 1171 1732 audiuit
1193 1689 1495 1731 nonnullorum
1519 1688 1823 1740 confessiones,
1851 1688 1982 1731 etiam

215 1755 421 1812 Episcopi
436 1756 465 1798 3.
513 1754 722 1797 maiorem
743 1756 843 1809 post
864 1753 946 1796 hac
978 1754 1290 1798 authoritatem
1312 1755 1426 1810 apud
1448 1755 1584 1797 bonos
1605 1753 1809 1797 inueniet.
1858 1753 1985 1797 Certe

216 1821 475 1865 Germaniae
497 1822 688 1870 nostrae,
715 1819 752 1861 si
774 1834 905 1862 sanus
927 1819 1080 1862 redeat
1101 1819 1145 1861 in
1166 1819 1351 1862 Domino
1373 1819 1630 1863 vtilissimus
1653 1817 1748 1862 erit.
1797 1818 1986 1862 fortasse

215 1887 363 1942 Leodij
410 1886 465 1928 ad
508 1885 778 1928 fundandum
821 1884 982 1927 nostris
1027 1885 1255 1939 collegium
1302 1885 1497 1928 conferet
1541 1884 1727 1938 aliquid,
1772 1883 1845 1926 ubi
1889 1897 1985 1926 cum

216 1951 453 2008 Episcopi4
484 1950 595 1993 illicC
626 1953 768 1993 matre
795 1964 923 2004 quam
955 1950 1037 1992 sibi
1066 1950 1462 1994 coniunctissimam
1494 1950 1639 2001 habet,
1673 1950 1944 2003 colloquetur
1955 1950 1985 1991 5.

337 2017 406 2059 Ex
437 2015 596 2059 litteris
629 2016 680 2059 R.
714 2013 787 2059 Ρῧἱ
819 2014 994 2058 Natalis
1025 2029 1229 2069 magnam
1271 2015 1392 2070 caepi
1427 2015 1720 2070 voluptatem,
1764 2014 1877 2068 quod
1908 2028 1986 2069 pro

216 2083 340 2126 nobis
367 2084 412 2125 et
435 2081 662 2124 Germanis
694 2080 856 2123 nostris
888 2080 951 2124 ita
983 2080 1194 2124 sollicitus
1227 2080 1316 2124 sit⁶
1346 2080 1431 2122 uir
1461 2080 1534 2123 ille
1568 2079 1984 2122 desideriorum7.

337 2244 351 2258 ³
374 2238 663 2282 Neumburgenis
690 2239 750 2272 Pr.
897 2237 910 2256 ¹¹
941 2237 1138 2273 Goudanus
1164 2250 1272 2272 unum
1301 2250 1344 2272 ex
1369 2250 1451 2282 app.
1479 2249 1566 2272 rom.

336 2297 347 2312 ⁶
381 2293 441 2327 Sic¹
467 2294 587 2326 omnia
614 2302 737 2335 apoyr.
765 2296 794 2325 et
822 2292 883 2326 Pr.
1028 2290 1042 2311 (ἲ
1072 2291 1128 2326 Ex
1153 2291 1286 2326 litteris
1312 2291 1433 2325 Patris
1462 2292 1521 2325 Pr.

340 2440 351 2460 ¹
378 2437 675 2478 Melanchthone;
702 2437 747 2472 cf.
779 2438 864 2472 Can.
893 2437 982 2482 Epp.
1010 2437 1035 2479 Ι,
1061 2437 1118 2472 49.

339 2493 352 2513 ‘²
379 2492 432 2527 Cf.
460 2503 570 2536 supra
595 2503 629 2536 p.
659 2491 752 2525 123³.
782 2491 875 2525 175⁸.

340 2547 352 2567 ³
379 2545 578 2591 Episcopus
608 2544 863 2579 vormatiensis
897 2546 984 2578 tunc
1020 2545 1098 2577 erat
1123 2542 1364 2577 Theodorious
1399 2542 1442 2576 de
1470 2541 1698 2582 Bettendorf;
1735 2541 1798 2576 sed
1833 2540 1988 2575 fortasse

221 2599 387 2635 Ganisius
413 2598 595 2642 Pflugium
621 2597 680 2632 vel
708 2597 941 2641 Heldingiuin
966 2596 1159 2641 significat.

340 2654 352 2674 ⁴
379 2652 635 2698 Episcopatum
670 2651 888 2686 leodiensem
923 2650 1070 2685 tenebat
1095 2650 1274 2684 Robertus
1309 2660 1379 2684 van
1406 2648 1592 2693 Berghen,
1628 2649 1742 2683 frater
1767 2647 1911 2682 Ioannis
1946 2646 1989 2681 de

222 2707 383 2751 Glymes,
409 2705 627 2740 marchionis
652 2705 842 2748 bergensis
870 2704 1004 2748 (Berga
1031 2704 1074 2738 ad
1102 2702 1255 2745 Somam,
1282 2701 1635 2747 Bergen-op-Zoom).

341 2761 354 2779 ⁵
379 2758 549 2794 Nicolaus
577 2758 770 2793 Goudanus
796 2758 937 2802 Bergae
964 2758 1008 2792 ad
1035 2756 1178 2792 Somam
1205 2759 1241 2791 et
1266 2755 1491 2791 contionibus
1517 2757 1553 2789 et
1587 2755 1893 2790 sacramentormn
1929 2752 1987 2787 ad-

222 2812 486 2848 ministratione
519 2812 644 2847 fideles
670 2811 862 2856 diligenter
892 2811 1121 2852 excoluerat,
1164 2809 1276 2853 „unde
1301 2809 1564 2843 Marchionissa
1589 2807 1803 2852 Bel-gensis,
1837 2806 1989 2841 Domina

224 2866 360 2901 Jacoba
386 2866 428 2901 de
449 2865 542 2911 Croy
563 2893 569 2900 .
590 2893 596 2899 .
619 2864 683 2900 .P.
703 2864 845 2908 Ignatio
871 2864 1018 2909 scripsit
1044 2863 1143 2898 cives
1169 2874 1254 2898 suos
1279 2862 1323 2897 ad
1347 2862 1518 2908 pietatem
1544 2861 1661 2906 magis
1687 2872 1828 2907 pronos,
1854 2871 1896 2894 ac
1921 2859 1988 2894 sibi

223 2919 334 2954 multo
373 2918 684 2963 obsequentiores,
725 2929 832 2962 quam
870 2916 1053 2958 solebant,
1091 2928 1199 2962 opera
1236 2915 1358 2950 Patris
1392 2915 1531 2950 Nicolai
1565 2914 1741 2949 redditos“
1786 2913 1988 2957 (Polancus,

225 2972 424 3007 Chronicon
450 2972 486 3014 I,
513 2972 610 3015 295).
661 2971 753 3005 Tum
780 2970 958 3005 Robertus
994 2970 1183 3016 episcopus
1217 2969 1425 3011 leodiensis,
1462 2968 1506 3003 ad
1533 2967 1635 3003 cuius
1661 2967 1851 3002 dioecesim
1875 2964 1987 3000 Lova-

225 3025 321 3059 nium
346 3027 432 3060 tunc
457 3024 676 3070 pertinebat,
712 3025 788 3058 tum
814 3023 973 3058 marchio
998 3023 1186 3067 bergensis
1212 3021 1325 3057 Sociis
1350 3021 1619 3056 lovaniensibus
1645 3020 1795 3055 eximios
1820 3021 1988 3064 patronos

225 3088 263 3111 sc
290 3078 547 3122 praestiterunt
575 3077 633 3121 (L.
660 3078 827 3121 Delplace
852 3076 885 3111 S.
914 3077 958 3119 J„
985 3076 1298 3111 L⁷etablissement
1323 3077 1391 3110 etc.
1417 3087 1451 3121 p.
1478 3073 1648 3118 87—88).

345 3131 357 3149 ⁰
384 3130 436 3165 Cf.
464 3142 571 3175 supra
598 3142 630 3176 p.
658 3130 809 3166 90—92.
955 3130 968 3150 ⁷
993 3128 1082 3164 Dan.
1111 3130 1142 3170 9,
1169 3129 1234 3169 23;
1262 3129 1317 3171 10,
1346 3129 1398 3163 11.
1429 3128 1481 3163 19.
