<?xml version="1.0" encoding="UTF-8"?>
<!DOCTYPE html PUBLIC "-//W3C//DTD XHTML 1.0 Transitional//EN"
    "http://www.w3.org/TR/xhtml1/DTD/xhtml1-transitional.dtd">
<html xmlns="http://www.w3.org/1999/xhtml" xml:lang="en" lang="en">
 <head>
  <title>
</title>
<meta http-equiv="Content-Type" content="text/html;charset=utf-8" />
  <meta name='ocr-system' content='tesseract 3.04.00' />
  <meta name='ocr-capabilities' content='ocr_page ocr_carea ocr_par ocr_line ocrx_word'/>
</head>
<body>
  <div class='ocr_page' id='page_1' title='image "beatipetricanisi02cani_0988.png"; bbox 0 0 2142 3455; ppageno 0'>
   <div class='ocr_carea' id='block_1_1' title="bbox 225 168 1409 213">
    <p class='ocr_par' dir='ltr' id='par_1_1' title="bbox 225 168 1409 213">
     <span class='ocr_line' id='line_1_1' title="bbox 225 168 1409 213; baseline -0.002 -7"><span class='ocrx_word' id='word_1_1' title='bbox 225 172 311 212; x_wconf 81' lang='grc'>918</span> <span class='ocrx_word' id='word_1_2' title='bbox 813 168 971 202; x_wconf 89' lang='lat' dir='ltr'>Monum.</span> <span class='ocrx_word' id='word_1_3' title='bbox 1000 168 1133 212; x_wconf 82' lang='lat' dir='ltr'>(varia)</span> <span class='ocrx_word' id='word_1_4' title='bbox 1162 168 1243 204; x_wconf 82' lang='lat'>225.</span> <span class='ocrx_word' id='word_1_5' title='bbox 1272 168 1409 213; x_wconf 88' lang='grc'><strong>(1560.)</strong></span> 
     </span>
    </p>
   </div>
   <div class='ocr_carea' id='block_1_2' title="bbox 217 287 1998 667">
    <p class='ocr_par' dir='ltr' id='par_1_2' title="bbox 217 287 1998 667">
     <span class='ocr_line' id='line_1_2' title="bbox 343 287 1995 344; baseline 0.003 -16"><span class='ocrx_word' id='word_1_6' title='bbox 343 288 568 341; x_wconf 63' lang='lat' dir='ltr'>Philippus</span> <span class='ocrx_word' id='word_1_7' title='bbox 591 287 900 337; x_wconf 71' lang='lat' dir='ltr'>Melanclethon,</span> <span class='ocrx_word' id='word_1_8' title='bbox 935 288 1007 342; x_wconf 71' lang='lat' dir='ltr'>qui</span> <span class='ocrx_word' id='word_1_9' title='bbox 1041 292 1075 327; x_wconf 75' lang='lat' dir='ltr'>et</span> <span class='ocrx_word' id='word_1_10' title='bbox 1108 301 1220 328; x_wconf 77' lang='lat' dir='ltr'>anno</span> <span class='ocrx_word' id='word_1_11' title='bbox 1244 289 1360 329; x_wconf 77' lang='lat'>1556·</span> <span class='ocrx_word' id='word_1_12' title='bbox 1384 289 1427 328; x_wconf 82' lang='grc' dir='ltr'><strong>ιή</strong></span> <span class='ocrx_word' id='word_1_13' title='bbox 1451 288 1630 330; x_wconf 79' lang='lat' dir='ltr'><em>editione</em></span> <span class='ocrx_word' id='word_1_14' title='bbox 1658 291 1995 344; x_wconf 72' lang='lat' dir='ltr'>qermanicorum</span> 
     </span>
     <span class='ocr_line' id='line_1_3' title="bbox 222 351 1996 409; baseline 0.002 -15"><span class='ocrx_word' id='word_1_15' title='bbox 222 353 403 395; x_wconf 75' lang='lat' dir='ltr'>Lutheri</span> <span class='ocrx_word' id='word_1_16' title='bbox 445 351 649 392; x_wconf 75' lang='lat' dir='ltr'>librormn</span> <span class='ocrx_word' id='word_1_17' title='bbox 682 351 808 403; x_wconf 76' lang='lat' dir='ltr'>(Can.</span> <span class='ocrx_word' id='word_1_18' title='bbox 844 352 953 406; x_wconf 75' lang='lat' dir='ltr'>Epp.</span> <span class='ocrx_word' id='word_1_19' title='bbox 988 352 1022 405; x_wconf 81' lang='lat' dir='ltr'>I,</span> <span class='ocrx_word' id='word_1_20' title='bbox 1057 352 1176 405; x_wconf 78' lang='lat'>634),</span> <span class='ocrx_word' id='word_1_21' title='bbox 1221 357 1257 393; x_wconf 79' lang='lat' dir='ltr'>et</span> <span class='ocrx_word' id='word_1_22' title='bbox 1290 366 1402 393; x_wconf 66' lang='lat' dir='ltr'>canno</span> <span class='ocrx_word' id='word_1_23' title='bbox 1435 353 1551 394; x_wconf 83' lang='lat'><em>1557</em></span> <span class='ocrx_word' id='word_1_24' title='bbox 1586 354 1626 394; x_wconf 78' lang='lat' dir='ltr'>in</span> <span class='ocrx_word' id='word_1_25' title='bbox 1671 355 1868 409; x_wconf 79' lang='lat' dir='ltr'>colloquio</span> <span class='ocrx_word' id='word_1_26' title='bbox 1901 357 1996 398; x_wconf 81' lang='lat' dir='ltr'>reli·</span> 
     </span>
     <span class='ocr_line' id='line_1_4' title="bbox 217 416 1998 474; baseline 0.002 -16"><span class='ocrx_word' id='word_1_27' title='bbox 217 418 357 472; x_wconf 68' lang='lat' dir='ltr'>{sionis</span> <span class='ocrx_word' id='word_1_28' title='bbox 390 417 661 458; x_wconf 75' lang='lat' dir='ltr'>vormatiensi</span> <span class='ocrx_word' id='word_1_29' title='bbox 694 416 748 467; x_wconf 82' lang='lat' dir='ltr'>(v.</span> <span class='ocrx_word' id='word_1_30' title='bbox 777 430 912 471; x_wconf 74' lang='lat' dir='ltr'>supra</span> <span class='ocrx_word' id='word_1_31' title='bbox 934 431 978 471; x_wconf 80' lang='lat' dir='ltr'>p.</span> <span class='ocrx_word' id='word_1_32' title='bbox 1004 416 1110 469; x_wconf 75' lang='lat'>799)</span> <span class='ocrx_word' id='word_1_33' title='bbox 1139 417 1359 458; x_wconf 71' lang='lat' dir='ltr'>Canisium</span> <span class='ocrx_word' id='word_1_34' title='bbox 1394 418 1459 471; x_wconf 79' lang='lat' dir='ltr'>iis,</span> <span class='ocrx_word' id='word_1_35' title='bbox 1493 419 1566 472; x_wconf 75' lang='lat' dir='ltr'>qui</span> <span class='ocrx_word' id='word_1_36' title='bbox 1599 423 1744 461; x_wconf 78' lang='lat' dir='ltr'>contra</span> <span class='ocrx_word' id='word_1_37' title='bbox 1770 419 1998 474; x_wconf 71' lang='lat' dir='ltr'>propriam</span> 
     </span>
     <span class='ocr_line' id='line_1_5' title="bbox 221 482 1996 539; baseline 0.002 -16"><span class='ocrx_word' id='word_1_38' title='bbox 221 483 516 524; x_wconf 71' lang='lat' dir='ltr'>ccmscientimn</span> <span class='ocrx_word' id='word_1_39' title='bbox 548 483 762 523; x_wconf 76' lang='lat' dir='ltr'>veritatem</span> <span class='ocrx_word' id='word_1_40' title='bbox 796 483 1113 537; x_wconf 69' lang='lat' dir='ltr'>impuynarent,</span> <span class='ocrx_word' id='word_1_41' title='bbox 1153 482 1533 534; x_wconf 74' lang='lat' dir='ltr'>adnumeraverat,</span> <span class='ocrx_word' id='word_1_42' title='bbox 1567 483 1679 537; x_wconf 76' lang='lat' dir='ltr'>ipso,</span> <span class='ocrx_word' id='word_1_43' title='bbox 1715 498 1792 539; x_wconf 75' lang='lat' dir='ltr'>quo</span> <span class='ocrx_word' id='word_1_44' title='bbox 1825 490 1996 527; x_wconf 79' lang='lat' dir='ltr'>mortem</span> 
     </span>
     <span class='ocr_line' id='line_1_6' title="bbox 220 546 1996 606; baseline 0.002 -18"><span class='ocrx_word' id='word_1_45' title='bbox 220 547 342 599; x_wconf 69' lang='lat' dir='ltr'>obiit,</span> <span class='ocrx_word' id='word_1_46' title='bbox 387 561 500 588; x_wconf 75' lang='lat' dir='ltr'>anno</span> <span class='ocrx_word' id='word_1_47' title='bbox 533 548 650 589; x_wconf 80' lang='lat'><em>1560</em></span> <span class='ocrx_word' id='word_1_48' title='bbox 685 548 727 587; x_wconf 82' lang='grc' dir='ltr'><em>ιή</em></span> <span class='ocrx_word' id='word_1_49' title='bbox 752 547 1028 601; x_wconf 74' lang='lat' dir='ltr'><em>praefatione</em></span> <span class='ocrx_word' id='word_1_50' title='bbox 1063 546 1288 601; x_wconf 74' lang='lat' dir='ltr'>„Corporis</span> <span class='ocrx_word' id='word_1_51' title='bbox 1322 547 1540 589; x_wconf 74' lang='lat' dir='ltr'>doctrinae</span> <span class='ocrx_word' id='word_1_52' title='bbox 1573 548 1874 603; x_wconf 75' lang='lat' dir='ltr'>clzrz‘stianae“,</span> <span class='ocrx_word' id='word_1_53' title='bbox 1917 565 1996 606; x_wconf 79' lang='lat' dir='ltr'>quo</span> 
     </span>
     <span class='ocr_line' id='line_1_7' title="bbox 218 612 1995 667; baseline 0 -13"><span class='ocrx_word' id='word_1_54' title='bbox 218 613 453 667; x_wconf 71' lang='lat' dir='ltr'>praecipua</span> <span class='ocrx_word' id='word_1_55' title='bbox 476 613 634 667; x_wconf 72' lang='lat' dir='ltr'>scripta</span> <span class='ocrx_word' id='word_1_56' title='bbox 658 626 737 653; x_wconf 76' lang='lat' dir='ltr'>sua</span> <span class='ocrx_word' id='word_1_57' title='bbox 758 612 983 667; x_wconf 69' lang='lat' dir='ltr'>theoloyica</span> <span class='ocrx_word' id='word_1_58' title='bbox 1007 612 1317 667; x_wconf 72' lang='lat' dir='ltr'>comprehendit</span> <span class='ocrx_word' id='word_1_59' title='bbox 1330 612 1358 666; x_wconf 74' lang='lat'>1,</span> <span class='ocrx_word' id='word_1_60' title='bbox 1377 617 1551 667; x_wconf 74' lang='lat' dir='ltr'>praeter</span> <span class='ocrx_word' id='word_1_61' title='bbox 1569 614 1656 654; x_wconf 79' lang='lat' dir='ltr'>alia</span> <span class='ocrx_word' id='word_1_62' title='bbox 1674 614 1775 655; x_wconf 77' lang='lat' dir='ltr'>haec</span> <span class='ocrx_word' id='word_1_63' title='bbox 1793 616 1995 656; x_wconf 78' lang='lat' dir='ltr'>asseruit:</span> 
     </span>
    </p>
   </div>
   <div class='ocr_carea' id='block_1_3' title="bbox 215 693 2045 1270">
    <p class='ocr_par' dir='ltr' id='par_1_3' title="bbox 215 693 2045 1270">
     <span class='ocr_line' id='line_1_8' title="bbox 340 693 1993 748; baseline 0.001 -11"><span class='ocrx_word' id='word_1_64' title='bbox 340 729 348 737; x_wconf 95' lang='lat'>.</span> <span class='ocrx_word' id='word_1_65' title='bbox 384 728 391 737; x_wconf 93' lang='lat'>.</span> <span class='ocrx_word' id='word_1_66' title='bbox 428 728 436 736; x_wconf 93' lang='lat'>.</span> <span class='ocrx_word' id='word_1_67' title='bbox 471 729 480 736; x_wconf 93' lang='lat'>.</span> <span class='ocrx_word' id='word_1_68' title='bbox 514 693 874 736; x_wconf 82' lang='lat' dir='ltr'>Manifestissima</span> <span class='ocrx_word' id='word_1_69' title='bbox 904 693 1173 748; x_wconf 87' lang='lat' dir='ltr'>impudentia</span> <span class='ocrx_word' id='word_1_70' title='bbox 1206 696 1294 745; x_wconf 86' lang='lat' dir='ltr'>est,</span> <span class='ocrx_word' id='word_1_71' title='bbox 1338 695 1620 745; x_wconf 74' lang='lat' dir='ltr'>contendere,</span> <span class='ocrx_word' id='word_1_72' title='bbox 1660 694 1766 737; x_wconf 89' lang='lat' dir='ltr'>nihil</span> <span class='ocrx_word' id='word_1_73' title='bbox 1799 709 1993 738; x_wconf 87' lang='lat' dir='ltr'>errorum</span> 
     </span>
     <span class='ocr_line' id='line_1_9' title="bbox 217 758 1994 811; baseline 0.002 -11"><span class='ocrx_word' id='word_1_74' title='bbox 217 758 352 801; x_wconf 87' lang='lat' dir='ltr'>fuisse</span> <span class='ocrx_word' id='word_1_75' title='bbox 385 761 429 801; x_wconf 89' lang='lat' dir='ltr'>et</span> <span class='ocrx_word' id='word_1_76' title='bbox 461 772 556 800; x_wconf 89' lang='lat' dir='ltr'>esse</span> <span class='ocrx_word' id='word_1_77' title='bbox 588 758 631 800; x_wconf 91' lang='lat' dir='ltr'>in</span> <span class='ocrx_word' id='word_1_78' title='bbox 664 758 976 800; x_wconf 88' lang='lat' dir='ltr'>Monachorum</span> <span class='ocrx_word' id='word_1_79' title='bbox 1009 758 1206 801; x_wconf 85' lang='lat' dir='ltr'>doctrina</span> <span class='ocrx_word' id='word_1_80' title='bbox 1239 762 1283 802; x_wconf 90' lang='lat' dir='ltr'>et</span> <span class='ocrx_word' id='word_1_81' title='bbox 1315 759 1552 802; x_wconf 89' lang='lat' dir='ltr'>Pontificiis</span> <span class='ocrx_word' id='word_1_82' title='bbox 1584 759 1760 811; x_wconf 84' lang='lat' dir='ltr'>ritibus,</span> <span class='ocrx_word' id='word_1_83' title='bbox 1800 763 1849 803; x_wconf 92' lang='lat' dir='ltr'>ut</span> <span class='ocrx_word' id='word_1_84' title='bbox 1880 775 1994 804; x_wconf 90' lang='lat' dir='ltr'>nunc</span> 
     </span>
     <span class='ocr_line' id='line_1_10' title="bbox 218 823 1991 880; baseline 0.001 -14"><span class='ocrx_word' id='word_1_85' title='bbox 218 823 506 866; x_wconf 82' lang='lat' dir='ltr'>audacissime</span> <span class='ocrx_word' id='word_1_86' title='bbox 529 823 796 866; x_wconf 88' lang='lat' dir='ltr'>contendunt</span> <span class='ocrx_word' id='word_1_87' title='bbox 819 823 1033 866; x_wconf 84' lang='lat' dir='ltr'>Rhetores</span> <span class='ocrx_word' id='word_1_88' title='bbox 1056 823 1254 866; x_wconf 88' lang='lat' dir='ltr'>conducti</span> <span class='ocrx_word' id='word_1_89' title='bbox 1280 823 1507 867; x_wconf 88' lang='lat' dir='ltr'>Pontificia</span> <span class='ocrx_word' id='word_1_90' title='bbox 1535 825 1718 879; x_wconf 89' lang='lat' dir='ltr'>pecunia</span> <span class='ocrx_word' id='word_1_91' title='bbox 1741 825 1991 880; x_wconf 72' lang='lat' dir='ltr'>Staphylus,</span> 
     </span>
     <span class='ocr_line' id='line_1_11' title="bbox 216 888 1993 942; baseline 0.002 -12"><span class='ocrx_word' id='word_1_92' title='bbox 216 889 441 939; x_wconf 88' lang='lat' dir='ltr'>Wicelius,</span> <span class='ocrx_word' id='word_1_93' title='bbox 476 888 671 931; x_wconf 83' lang='lat' dir='ltr'>Oanisius</span> <span class='ocrx_word' id='word_1_94' title='bbox 704 891 749 930; x_wconf 89' lang='lat' dir='ltr'>et</span> <span class='ocrx_word' id='word_1_95' title='bbox 781 888 905 931; x_wconf 88' lang='lat' dir='ltr'>multi</span> <span class='ocrx_word' id='word_1_96' title='bbox 939 888 1023 939; x_wconf 86' lang='lat' dir='ltr'>alii,</span> <span class='ocrx_word' id='word_1_97' title='bbox 1059 888 1130 942; x_wconf 89' lang='lat' dir='ltr'>qui</span> <span class='ocrx_word' id='word_1_98' title='bbox 1152 888 1463 940; x_wconf 81' lang='lat' dir='ltr'>vociferantur,</span> <span class='ocrx_word' id='word_1_99' title='bbox 1498 889 1754 932; x_wconf 73' lang='lat' dir='ltr'>seditionem</span> <span class='ocrx_word' id='word_1_100' title='bbox 1781 891 1993 934; x_wconf 84' lang='lat' dir='ltr'>adversus</span> 
     </span>
     <span class='ocr_line' id='line_1_12' title="bbox 217 953 2045 1009; baseline 0.002 -13"><span class='ocrx_word' id='word_1_101' title='bbox 217 954 458 997; x_wconf 80' lang='lat' dir='ltr'>Ecclesiam</span> <span class='ocrx_word' id='word_1_102' title='bbox 492 957 654 996; x_wconf 83' lang='lat' dir='ltr'>motam</span> <span class='ocrx_word' id='word_1_103' title='bbox 688 968 804 1005; x_wconf 89' lang='lat' dir='ltr'>esse,</span> <span class='ocrx_word' id='word_1_104' title='bbox 848 957 893 997; x_wconf 91' lang='lat' dir='ltr'>et</span> <span class='ocrx_word' id='word_1_105' title='bbox 934 953 1247 1009; x_wconf 88' lang='lat' dir='ltr'>sophismatum</span> <span class='ocrx_word' id='word_1_106' title='bbox 1289 954 1541 1009; x_wconf 76' lang='lat' dir='ltr'>praestigiis</span> <span class='ocrx_word' id='word_1_107' title='bbox 1581 954 1698 997; x_wconf 87' lang='lat' dir='ltr'>idola</span> <span class='ocrx_word' id='word_1_108' title='bbox 1739 957 1783 998; x_wconf 92' lang='lat' dir='ltr'>et</span> <span class='ocrx_word' id='word_1_109' title='bbox 1821 969 1992 999; x_wconf 88' lang='lat' dir='ltr'>errores</span> <span class='ocrx_word' id='word_1_110' title='bbox 2042 978 2045 982; x_wconf 93' lang='lat'><em>·</em></span> 
     </span>
     <span class='ocr_line' id='line_1_13' title="bbox 215 1019 1990 1073; baseline 0.001 -11"><span class='ocrx_word' id='word_1_111' title='bbox 215 1022 410 1070; x_wconf 87' lang='lat' dir='ltr'>tuentur,</span> <span class='ocrx_word' id='word_1_112' title='bbox 445 1022 490 1062; x_wconf 91' lang='lat' dir='ltr'>et</span> <span class='ocrx_word' id='word_1_113' title='bbox 521 1033 648 1073; x_wconf 85' lang='lat' dir='ltr'>reges</span> <span class='ocrx_word' id='word_1_114' title='bbox 679 1019 865 1062; x_wconf 77' lang='lat' dir='ltr'>incitant</span> <span class='ocrx_word' id='word_1_115' title='bbox 898 1019 953 1062; x_wconf 85' lang='lat' dir='ltr'>ad</span> <span class='ocrx_word' id='word_1_116' title='bbox 984 1019 1257 1061; x_wconf 79' lang='lat' dir='ltr'>barbaricam</span> <span class='ocrx_word' id='word_1_117' title='bbox 1289 1019 1533 1063; x_wconf 84' lang='lat' dir='ltr'>saevitiam.</span> <span class='ocrx_word' id='word_1_118' title='bbox 1587 1020 1811 1063; x_wconf 88' lang='lat' dir='ltr'>Adversus</span> <span class='ocrx_word' id='word_1_119' title='bbox 1838 1021 1990 1064; x_wconf 90' lang='lat' dir='ltr'>horum</span> 
     </span>
     <span class='ocr_line' id='line_1_14' title="bbox 217 1084 1990 1140; baseline 0.001 -13"><span class='ocrx_word' id='word_1_120' title='bbox 217 1085 499 1140; x_wconf 82' lang='lat' dir='ltr'>sophisticam</span> <span class='ocrx_word' id='word_1_121' title='bbox 533 1086 578 1127; x_wconf 89' lang='lat' dir='ltr'>et</span> <span class='ocrx_word' id='word_1_122' title='bbox 609 1085 775 1127; x_wconf 84' lang='lat' dir='ltr'>rabiem</span> <span class='ocrx_word' id='word_1_123' title='bbox 807 1084 1046 1127; x_wconf 88' lang='lat' dir='ltr'>consolatio</span> <span class='ocrx_word' id='word_1_124' title='bbox 1069 1085 1258 1127; x_wconf 87' lang='lat' dir='ltr'>tenenda</span> <span class='ocrx_word' id='word_1_125' title='bbox 1285 1087 1354 1127; x_wconf 88' lang='lat' dir='ltr'>est</span> <span class='ocrx_word' id='word_1_126' title='bbox 1385 1085 1644 1136; x_wconf 85' lang='lat' dir='ltr'>firmissima,</span> <span class='ocrx_word' id='word_1_127' title='bbox 1677 1100 1766 1128; x_wconf 83' lang='lat' dir='ltr'>vox</span> <span class='ocrx_word' id='word_1_128' title='bbox 1796 1086 1874 1128; x_wconf 90' lang='lat' dir='ltr'>filii</span> <span class='ocrx_word' id='word_1_129' title='bbox 1895 1087 1990 1138; x_wconf 89' lang='lat' dir='ltr'>Dei,</span> 
     </span>
     <span class='ocr_line' id='line_1_15' title="bbox 217 1149 1989 1206; baseline 0.001 -14"><span class='ocrx_word' id='word_1_130' title='bbox 217 1150 290 1204; x_wconf 90' lang='lat' dir='ltr'>qui</span> <span class='ocrx_word' id='word_1_131' title='bbox 322 1150 397 1201; x_wconf 85' lang='lat' dir='ltr'>ait,</span> <span class='ocrx_word' id='word_1_132' title='bbox 433 1149 747 1204; x_wconf 81' lang='lat' dir='ltr'>blasphemiam</span> <span class='ocrx_word' id='word_1_133' title='bbox 779 1164 865 1192; x_wconf 91' lang='lat' dir='ltr'>non</span> <span class='ocrx_word' id='word_1_134' title='bbox 897 1149 1073 1193; x_wconf 88' lang='lat' dir='ltr'>remitti.</span> <span class='ocrx_word' id='word_1_135' title='bbox 1137 1149 1230 1192; x_wconf 89' lang='lat' dir='ltr'>Nec</span> <span class='ocrx_word' id='word_1_136' title='bbox 1263 1150 1437 1192; x_wconf 88' lang='lat' dir='ltr'>dubium</span> <span class='ocrx_word' id='word_1_137' title='bbox 1471 1153 1551 1201; x_wconf 88' lang='lat' dir='ltr'>est,</span> <span class='ocrx_word' id='word_1_138' title='bbox 1585 1151 1862 1206; x_wconf 88' lang='lat' dir='ltr'>blasphemos</span> <span class='ocrx_word' id='word_1_139' title='bbox 1894 1165 1989 1194; x_wconf 88' lang='lat' dir='ltr'>esse</span> 
     </span>
     <span class='ocr_line' id='line_1_16' title="bbox 215 1215 1688 1270; baseline 0.002 -13"><span class='ocrx_word' id='word_1_140' title='bbox 215 1215 327 1267; x_wconf 86' lang='lat' dir='ltr'>illos,</span> <span class='ocrx_word' id='word_1_141' title='bbox 363 1215 434 1270; x_wconf 91' lang='lat' dir='ltr'>qui</span> <span class='ocrx_word' id='word_1_142' title='bbox 467 1215 654 1258; x_wconf 89' lang='lat' dir='ltr'>scientes</span> <span class='ocrx_word' id='word_1_143' title='bbox 686 1215 946 1258; x_wconf 83' lang='lat' dir='ltr'>manifestae</span> <span class='ocrx_word' id='word_1_144' title='bbox 978 1215 1156 1258; x_wconf 84' lang='lat' dir='ltr'>veritati</span> <span class='ocrx_word' id='word_1_145' title='bbox 1187 1215 1347 1257; x_wconf 90' lang='lat' dir='ltr'>bellum</span> <span class='ocrx_word' id='word_1_146' title='bbox 1378 1215 1584 1259; x_wconf 84' lang='lat' dir='ltr'>inferunt.</span> <span class='ocrx_word' id='word_1_147' title='bbox 1611 1250 1619 1259; x_wconf 86' lang='lat'>.</span> <span class='ocrx_word' id='word_1_148' title='bbox 1645 1251 1653 1259; x_wconf 91' lang='lat'>.</span> <span class='ocrx_word' id='word_1_149' title='bbox 1680 1252 1688 1260; x_wconf 93' lang='lat'>.</span> 
     </span>
    </p>
   </div>
   <div class='ocr_carea' id='block_1_4' title="bbox 213 1307 1992 1726">
    <p class='ocr_par' dir='ltr' id='par_1_4' title="bbox 213 1307 1992 1726">
     <span class='ocr_line' id='line_1_17' title="bbox 338 1307 1986 1344; baseline 0.002 -3"><span class='ocrx_word' id='word_1_150' title='bbox 338 1307 412 1342; x_wconf 82' lang='lat' dir='ltr'>Has</span> <span class='ocrx_word' id='word_1_151' title='bbox 438 1307 728 1342; x_wconf 84' lang='lat' dir='ltr'>Melanchthonis</span> <span class='ocrx_word' id='word_1_152' title='bbox 755 1307 1035 1342; x_wconf 76' lang='lat' dir='ltr'>declamationes</span> <span class='ocrx_word' id='word_1_153' title='bbox 1062 1310 1098 1342; x_wconf 86' lang='lat' dir='ltr'>et</span> <span class='ocrx_word' id='word_1_154' title='bbox 1128 1307 1364 1342; x_wconf 81' lang='lat' dir='ltr'>contumelias</span> <span class='ocrx_word' id='word_1_155' title='bbox 1399 1307 1561 1342; x_wconf 85' lang='lat' dir='ltr'>imitatus</span> <span class='ocrx_word' id='word_1_156' title='bbox 1596 1310 1652 1343; x_wconf 84' lang='lat' dir='ltr'>est</span> <span class='ocrx_word' id='word_1_157' title='bbox 1677 1309 1827 1343; x_wconf 76' lang='lat' dir='ltr'>Iacobus</span> <span class='ocrx_word' id='word_1_158' title='bbox 1853 1309 1986 1344; x_wconf 79' lang='lat' dir='ltr'>Schmi-</span> 
     </span>
     <span class='ocr_line' id='line_1_18' title="bbox 215 1360 1986 1407; baseline 0.002 -13"><span class='ocrx_word' id='word_1_159' title='bbox 215 1361 356 1395; x_wconf 76' lang='lat' dir='ltr'>delinus</span> <span class='ocrx_word' id='word_1_160' title='bbox 384 1360 583 1405; x_wconf 86' lang='lat' dir='ltr'>(Andreae,</span> <span class='ocrx_word' id='word_1_161' title='bbox 619 1361 661 1395; x_wconf 91' lang='lat' dir='ltr'>de</span> <span class='ocrx_word' id='word_1_162' title='bbox 689 1372 758 1405; x_wconf 93' lang='lat' dir='ltr'>quo</span> <span class='ocrx_word' id='word_1_163' title='bbox 783 1372 892 1406; x_wconf 84' lang='lat' dir='ltr'>supra</span> <span class='ocrx_word' id='word_1_164' title='bbox 919 1373 951 1406; x_wconf 95' lang='lat' dir='ltr'>p.</span> <span class='ocrx_word' id='word_1_165' title='bbox 979 1360 1086 1403; x_wconf 83' lang='lat'>896),</span> <span class='ocrx_word' id='word_1_166' title='bbox 1127 1361 1269 1403; x_wconf 88' lang='lat' dir='ltr'>„doctor</span> <span class='ocrx_word' id='word_1_167' title='bbox 1296 1363 1331 1395; x_wconf 91' lang='lat' dir='ltr'>et</span> <span class='ocrx_word' id='word_1_168' title='bbox 1356 1361 1554 1406; x_wconf 81' lang='lat' dir='ltr'>parochus“</span> <span class='ocrx_word' id='word_1_169' title='bbox 1592 1361 1889 1407; x_wconf 86' lang='lat' dir='ltr'>goeppingensis‚</span> <span class='ocrx_word' id='word_1_170' title='bbox 1926 1362 1986 1407; x_wconf 88' lang='lat' dir='ltr'>qui</span> 
     </span>
     <span class='ocr_line' id='line_1_19' title="bbox 213 1413 1987 1461; baseline 0.001 -13"><span class='ocrx_word' id='word_1_171' title='bbox 213 1413 251 1448; x_wconf 90' lang='lat' dir='ltr'>in</span> <span class='ocrx_word' id='word_1_172' title='bbox 285 1414 377 1449; x_wconf 90' lang='lat' dir='ltr'>libro</span> <span class='ocrx_word' id='word_1_173' title='bbox 416 1413 584 1456; x_wconf 86' lang='lat' dir='ltr'>„Bericht</span> <span class='ocrx_word' id='word_1_174' title='bbox 619 1414 697 1448; x_wconf 91' lang='lat' dir='ltr'>Von</span> <span class='ocrx_word' id='word_1_175' title='bbox 735 1414 798 1448; x_wconf 88' lang='lat' dir='ltr'>der</span> <span class='ocrx_word' id='word_1_176' title='bbox 832 1414 1018 1457; x_wconf 83' lang='lat' dir='ltr'>Einigkeit</span> <span class='ocrx_word' id='word_1_177' title='bbox 1048 1414 1121 1448; x_wconf 89' lang='lat' dir='ltr'>vnd</span> <span class='ocrx_word' id='word_1_178' title='bbox 1155 1414 1393 1458; x_wconf 86' lang='lat' dir='ltr'>Vneinigkeit</span> <span class='ocrx_word' id='word_1_179' title='bbox 1427 1414 1489 1449; x_wconf 87' lang='lat' dir='ltr'>der</span> <span class='ocrx_word' id='word_1_180' title='bbox 1524 1414 1766 1449; x_wconf 86' lang='lat' dir='ltr'>Christlichen</span> <span class='ocrx_word' id='word_1_181' title='bbox 1800 1415 1987 1461; x_wconf 83' lang='lat' dir='ltr'>Augspur-</span> 
     </span>
     <span class='ocr_line' id='line_1_20' title="bbox 215 1467 1992 1512; baseline 0.001 -10"><span class='ocrx_word' id='word_1_182' title='bbox 215 1467 364 1512; x_wconf 88' lang='lat' dir='ltr'>gischen</span> <span class='ocrx_word' id='word_1_183' title='bbox 400 1467 631 1502; x_wconf 87' lang='lat' dir='ltr'>Confessions</span> <span class='ocrx_word' id='word_1_184' title='bbox 664 1468 906 1503; x_wconf 86' lang='lat' dir='ltr'>Verwandten</span> <span class='ocrx_word' id='word_1_185' title='bbox 942 1468 1165 1512; x_wconf 84' lang='lat' dir='ltr'>Theologen“</span> <span class='ocrx_word' id='word_1_186' title='bbox 1197 1471 1263 1502; x_wconf 86' lang='lat' dir='ltr'>etc.</span> <span class='ocrx_word' id='word_1_187' title='bbox 1302 1467 1516 1512; x_wconf 73' lang='lat' dir='ltr'>(Tiiwingen</span> <span class='ocrx_word' id='word_1_188' title='bbox 1543 1468 1649 1512; x_wconf 87' lang='lat'>1560)</span> <span class='ocrx_word' id='word_1_189' title='bbox 1689 1467 1879 1504; x_wconf 77' lang='lat' dir='ltr'>Societatis</span> <span class='ocrx_word' id='word_1_190' title='bbox 1906 1469 1992 1504; x_wconf 88' lang='lat' dir='ltr'>Iesu-</span> 
     </span>
     <span class='ocr_line' id='line_1_21' title="bbox 214 1521 1987 1567; baseline 0.001 -12"><span class='ocrx_word' id='word_1_191' title='bbox 214 1521 387 1562; x_wconf 83' lang='lat' dir='ltr'>homines,</span> <span class='ocrx_word' id='word_1_192' title='bbox 416 1521 550 1555; x_wconf 85' lang='lat' dir='ltr'>Canisii</span> <span class='ocrx_word' id='word_1_193' title='bbox 575 1523 697 1556; x_wconf 84' lang='lat' dir='ltr'>tamen</span> <span class='ocrx_word' id='word_1_194' title='bbox 722 1521 864 1555; x_wconf 88' lang='lat' dir='ltr'>nomine</span> <span class='ocrx_word' id='word_1_195' title='bbox 889 1533 960 1556; x_wconf 91' lang='lat' dir='ltr'>non</span> <span class='ocrx_word' id='word_1_196' title='bbox 994 1521 1151 1567; x_wconf 82' lang='lat' dir='ltr'>prolato,</span> <span class='ocrx_word' id='word_1_197' title='bbox 1188 1521 1300 1556; x_wconf 82' lang='lat' dir='ltr'>variis</span> <span class='ocrx_word' id='word_1_198' title='bbox 1335 1521 1449 1556; x_wconf 77' lang='lat' dir='ltr'>modis</span> <span class='ocrx_word' id='word_1_199' title='bbox 1483 1521 1674 1565; x_wconf 83' lang='lat' dir='ltr'>sugillavit</span> <span class='ocrx_word' id='word_1_200' title='bbox 1707 1521 1747 1566; x_wconf 86' lang='lat' dir='ltr'>(f.</span> <span class='ocrx_word' id='word_1_201' title='bbox 1775 1521 1987 1566; x_wconf 46' lang='lat' dir='ltr'>3³-53-112k</span> 
     </span>
     <span class='ocr_line' id='line_1_22' title="bbox 219 1574 1987 1620; baseline 0.001 -11"><span class='ocrx_word' id='word_1_202' title='bbox 219 1574 325 1617; x_wconf 83' lang='lat' dir='ltr'>„Dise</span> <span class='ocrx_word' id='word_1_203' title='bbox 366 1586 492 1610; x_wconf 86' lang='lat' dir='ltr'>newen</span> <span class='ocrx_word' id='word_1_204' title='bbox 530 1574 748 1609; x_wconf 84' lang='lat' dir='ltr'>Ordensleut</span> <span class='ocrx_word' id='word_1_205' title='bbox 785 1574 851 1609; x_wconf 88' lang='lat' dir='ltr'>mit</span> <span class='ocrx_word' id='word_1_206' title='bbox 884 1574 967 1620; x_wconf 87' lang='lat' dir='ltr'>jren</span> <span class='ocrx_word' id='word_1_207' title='bbox 1003 1574 1235 1609; x_wconf 85' lang='lat' dir='ltr'>vierecketen</span> <span class='ocrx_word' id='word_1_208' title='bbox 1272 1574 1392 1609; x_wconf 79' lang='lat' dir='ltr'>hiitlin</span> <span class='ocrx_word' id='word_1_209' title='bbox 1428 1575 1501 1609; x_wconf 88' lang='lat' dir='ltr'>vnd</span> <span class='ocrx_word' id='word_1_210' title='bbox 1538 1574 1671 1619; x_wconf 83' lang='lat' dir='ltr'>langen</span> <span class='ocrx_word' id='word_1_211' title='bbox 1709 1574 1987 1610; x_wconf 86' lang='lat' dir='ltr'>Phariseischen</span> 
     </span>
     <span class='ocr_line' id='line_1_23' title="bbox 214 1627 1987 1672; baseline 0.001 -10"><span class='ocrx_word' id='word_1_212' title='bbox 214 1628 382 1662; x_wconf 77' lang='lat' dir='ltr'>Rocken“</span> <span class='ocrx_word' id='word_1_213' title='bbox 412 1627 493 1662; x_wconf 90' lang='lat' dir='ltr'>sind</span> <span class='ocrx_word' id='word_1_214' title='bbox 524 1627 599 1671; x_wconf 86' lang='lat' dir='ltr'>„die</span> <span class='ocrx_word' id='word_1_215' title='bbox 625 1630 833 1672; x_wconf 69' lang='lat' dir='ltr'>grfissesten</span> <span class='ocrx_word' id='word_1_216' title='bbox 861 1628 1063 1669; x_wconf 86' lang='lat' dir='ltr'>Gleissner,</span> <span class='ocrx_word' id='word_1_217' title='bbox 1098 1628 1152 1663; x_wconf 85' lang='lat' dir='ltr'>als</span> <span class='ocrx_word' id='word_1_218' title='bbox 1188 1628 1240 1663; x_wconf 90' lang='lat' dir='ltr'>sie</span> <span class='ocrx_word' id='word_1_219' title='bbox 1266 1627 1370 1662; x_wconf 89' lang='lat' dir='ltr'>leben</span> <span class='ocrx_word' id='word_1_220' title='bbox 1405 1629 1569 1672; x_wconf 60' lang='lat' dir='ltr'>mbgeffl.</span> <span class='ocrx_word' id='word_1_221' title='bbox 1621 1627 1689 1670; x_wconf 84' lang='lat' dir='ltr'>Qui</span> <span class='ocrx_word' id='word_1_222' title='bbox 1723 1640 1793 1663; x_wconf 91' lang='lat' dir='ltr'>non</span> <span class='ocrx_word' id='word_1_223' title='bbox 1819 1628 1987 1669; x_wconf 76' lang='lat' dir='ltr'>Iesuitae,</span> 
     </span>
     <span class='ocr_line' id='line_1_24' title="bbox 213 1681 1670 1726; baseline 0 -10"><span class='ocrx_word' id='word_1_224' title='bbox 213 1681 277 1716; x_wconf 83' lang='lat' dir='ltr'>sed</span> <span class='ocrx_word' id='word_1_225' title='bbox 307 1681 536 1724; x_wconf 79' lang='lat' dir='ltr'>„Jebusitae“</span> <span class='ocrx_word' id='word_1_226' title='bbox 566 1681 626 1716; x_wconf 89' lang='lat' dir='ltr'>vel</span> <span class='ocrx_word' id='word_1_227' title='bbox 657 1682 896 1724; x_wconf 86' lang='lat' dir='ltr'>„Jesuwider“</span> <span class='ocrx_word' id='word_1_228' title='bbox 929 1682 1146 1726; x_wconf 81' lang='lat' dir='ltr'>(adversarii</span> <span class='ocrx_word' id='word_1_229' title='bbox 1172 1681 1268 1726; x_wconf 88' lang='lat' dir='ltr'>Iesu)</span> <span class='ocrx_word' id='word_1_230' title='bbox 1297 1681 1420 1716; x_wconf 84' lang='lat' dir='ltr'>vocari</span> <span class='ocrx_word' id='word_1_231' title='bbox 1446 1682 1577 1716; x_wconf 87' lang='lat' dir='ltr'>debent</span> <span class='ocrx_word' id='word_1_232' title='bbox 1603 1683 1670 1716; x_wconf 88' lang='lat' dir='ltr'>etc.</span> 
     </span>
    </p>
   </div>
   <div class='ocr_carea' id='block_1_5' title="bbox 212 1808 1987 1968">
    <p class='ocr_par' dir='ltr' id='par_1_5' title="bbox 212 1808 1987 1968">
     <span class='ocr_line' id='line_1_25' title="bbox 336 1808 1984 1862; baseline 0.001 -13"><span class='ocrx_word' id='word_1_233' title='bbox 336 1814 347 1835; x_wconf 84' lang='lat'><em>¹</em></span> <span class='ocrx_word' id='word_1_234' title='bbox 378 1814 584 1860; x_wconf 85' lang='lat' dir='ltr'>„Corporis“</span> <span class='ocrx_word' id='word_1_235' title='bbox 615 1814 721 1850; x_wconf 90' lang='lat' dir='ltr'>huius</span> <span class='ocrx_word' id='word_1_236' title='bbox 748 1815 856 1850; x_wconf 87' lang='lat' dir='ltr'>editio</span> <span class='ocrx_word' id='word_1_237' title='bbox 887 1815 1092 1861; x_wconf 80' lang='lat' dir='ltr'>„princeps“</span> <span class='ocrx_word' id='word_1_238' title='bbox 1123 1827 1245 1850; x_wconf 88' lang='lat' dir='ltr'>mense</span> <span class='ocrx_word' id='word_1_239' title='bbox 1271 1815 1437 1850; x_wconf 83' lang='lat' dir='ltr'>Ianuario</span> <span class='ocrx_word' id='word_1_240' title='bbox 1463 1827 1495 1851; x_wconf 83' lang='lat' dir='ltr'>a.</span> <span class='ocrx_word' id='word_1_241' title='bbox 1524 1816 1615 1851; x_wconf 84' lang='lat'>1560</span> <span class='ocrx_word' id='word_1_242' title='bbox 1637 1815 1780 1862; x_wconf 87' lang='lat' dir='ltr'>Lipsiae</span> <span class='ocrx_word' id='word_1_243' title='bbox 1805 1816 1842 1850; x_wconf 91' lang='lat' dir='ltr'>in</span> <span class='ocrx_word' id='word_1_244' title='bbox 1867 1808 1984 1851; x_wconf 76' lang='lat' dir='ltr'>lucem</span> 
     </span>
     <span class='ocr_line' id='line_1_26' title="bbox 212 1867 1987 1915; baseline 0.001 -13"><span class='ocrx_word' id='word_1_245' title='bbox 212 1867 377 1913; x_wconf 88' lang='lat' dir='ltr'>prodisse</span> <span class='ocrx_word' id='word_1_246' title='bbox 411 1868 556 1902; x_wconf 87' lang='lat' dir='ltr'>videtur</span> <span class='ocrx_word' id='word_1_247' title='bbox 593 1868 654 1912; x_wconf 89' lang='lat' dir='ltr'>(K.</span> <span class='ocrx_word' id='word_1_248' title='bbox 692 1869 916 1914; x_wconf 79' lang='lat' dir='ltr'>Hartf&#39;elder,</span> <span class='ocrx_word' id='word_1_249' title='bbox 955 1868 1098 1914; x_wconf 87' lang='lat' dir='ltr'>Philipp</span> <span class='ocrx_word' id='word_1_250' title='bbox 1136 1869 1393 1904; x_wconf 87' lang='lat' dir='ltr'>Melanchthon</span> <span class='ocrx_word' id='word_1_251' title='bbox 1428 1869 1482 1904; x_wconf 82' lang='lat' dir='ltr'>als</span> <span class='ocrx_word' id='word_1_252' title='bbox 1517 1869 1735 1915; x_wconf 85' lang='lat' dir='ltr'>Praeceptor</span> <span class='ocrx_word' id='word_1_253' title='bbox 1770 1868 1987 1904; x_wconf 78' lang='lat' dir='ltr'>Germaniae</span> 
     </span>
     <span class='ocr_line' id='line_1_27' title="bbox 215 1920 1626 1968; baseline 0.001 -12"><span class='ocrx_word' id='word_1_254' title='bbox 215 1920 351 1966; x_wconf 89' lang='lat' dir='ltr'>[Berlin</span> <span class='ocrx_word' id='word_1_255' title='bbox 381 1921 485 1966; x_wconf 80' lang='lat'>1889]</span> <span class='ocrx_word' id='word_1_256' title='bbox 511 1934 545 1967; x_wconf 92' lang='lat' dir='ltr'>p.</span> <span class='ocrx_word' id='word_1_257' title='bbox 573 1922 671 1966; x_wconf 82' lang='lat'>617).</span> <span class='ocrx_word' id='word_1_258' title='bbox 721 1922 979 1957; x_wconf 84' lang='lat' dir='ltr'>Melanchthon</span> <span class='ocrx_word' id='word_1_259' title='bbox 1008 1923 1061 1957; x_wconf 83' lang='lat'>19.</span> <span class='ocrx_word' id='word_1_260' title='bbox 1089 1922 1224 1968; x_wconf 87' lang='lat' dir='ltr'>Aprilis</span> <span class='ocrx_word' id='word_1_261' title='bbox 1253 1923 1344 1957; x_wconf 81' lang='lat'>1560</span> <span class='ocrx_word' id='word_1_262' title='bbox 1370 1924 1533 1958; x_wconf 89' lang='lat' dir='ltr'>mortuus</span> <span class='ocrx_word' id='word_1_263' title='bbox 1560 1925 1626 1957; x_wconf 82' lang='lat' dir='ltr'>est.</span> 
     </span>
    </p>
   </div>
   <div class='ocr_carea' id='block_1_6' title="bbox 2048 0 2142 3455">
    <p class='ocr_par' dir='ltr' id='par_1_6' title="bbox 2048 0 2142 3455">
     <span class='ocr_line' id='line_1_28' title="bbox 2048 0 2142 3455; baseline 0 0"><span class='ocrx_word' id='word_1_264' title='bbox 2048 0 2142 3455; x_wconf 95' lang='lat' dir='ltr'> </span> 
     </span>
    </p>
   </div>
  </div>
 </body>
</html>
