2142 3455
201 261 293 296 1560

202 367 293 402 1560

202 474 294 509 1560

195 611 309 652 1560

195 677 309 718 1560

205 870 295 906 1560

196 938 308 980 1560

196 1331 309 1372 1560

196 1462 308 1503 1560

203 1601 294 1636 1560

196 1738 307 1780 1560

203 1819 294 1854 1560

203 1926 293 1961 1560

200 2056 302 2094 1560

199 2250 290 2285 1560

198 2409 289 2445 1560

199 2463 290 2498 1560

198 2570 290 2606 1560

197 2677 289 2712 1560

197 2754 299 2792 1560

198 2829 288 2865 1560

197 2937 289 2972 1560

196 3043 288 3080 1560

681 142 771 179 1560
797 143 904 178 Mart.
934 143 964 178 1.
993 163 1036 167 —
1066 143 1156 178 1560
1183 143 1275 187 Aug.
1305 143 1359 178 11.

496 260 582 306 Apr.
612 260 665 294 15.

496 367 582 412 Apr.
613 367 666 401 16.

496 473 581 518 Apr.
610 473 666 508 21.

408 612 522 664 post.
554 609 657 664 Apr.
684 610 753 651 26.

417 689 522 717 vere
555 676 743 717 exeunte

461 739 594 793 (Maio
628 739 699 781 vel

494 805 616 846 Iunio
629 804 667 854 P)

503 868 591 902 Maii
617 868 648 902 6.

520 934 637 977 Maio

418 1326 523 1369 Maii
555 1325 659 1379 (29.‚
693 1329 742 1370 ut

486 1391 678 1447 videtur)

482 1457 574 1500 Iun.
613 1459 679 1501 15.

409 1597 485 1633 Iun.
514 1598 602 1642 (21.,
636 1600 677 1633 ut
701 1599 753 1634 vi·
777 1625 778 1638 ,

520 1651 639 1697 detur)

419 1733 512 1776 Iun.
548 1736 751 1779 22.—24.

518 1815 584 1850 Iul.
613 1816 644 1850 2.

520 1923 584 1957 Iul.
612 1923 643 1958 7.

531 2054 632 2093 Iulio

500 2249 565 2284 Iul.
595 2250 650 2284 14.

498 2411 564 2446 Iul.
592 2412 648 2446 21.

498 2465 564 2500 1111.
592 2465 649 2500 22.

499 2571 564 2606 Iul.
591 2572 647 2606 25.

498 2677 563 2712 Iul.
592 2677 647 2712 28.

402 2767 537 2793 mense
567 2754 750 2804 Augusto
772 2786 774 2791 .

496 2829 590 2874 Aug.
616 2830 650 2865 4.

486 2936 579 2981 Aug.
608 2938 663 2974 10.

484 3044 578 3088 Aug.
608 3044 663 3079 11.

1826 157 1902 185 XLI

808 259 931 302 „Feria
958 259 1000 293 11.
1029 258 1232 304 paschatis“
1271 259 1313 293 (10
1349 258 1539 302 evangelio
1575 258 1645 293 diei
1681 260 1717 293 et
1752 259 1795 293 de
1831 271 1905 294 cor-

862 324 987 358 porum
1015 312 1276 347 resurrectione
1303 312 1400 346 dicit.

809 366 931 408 „Feria
959 366 1018 401 111.
1047 365 1249 411 paschatis“
1281 365 1512 409 evangelium
1531 365 1601 399 diei
1628 365 1776 410 exponit
1802 367 1838 400 et
1864 366 1906 400 de

864 431 1050 464 corporum
1078 419 1341 453 resurrectione
1368 419 1465 453 dicit.

804 472 904 507 Dom.
946 473 1001 515 „in
1036 472 1157 507 Albis“
1199 473 1241 506 de
1277 471 1365 513 fide,
1402 472 1628 506 sacerdotum
1666 471 1843 516 dignitate
1870 474 1906 506 et

863 528 1053 571 potestate,
1081 525 1158 560 vita
1184 525 1407 560 emendanda
1433 525 1531 560 dicit.

802 607 1067 663 Ingolstadii
1101 608 1332 651 Societatis
1365 607 1594 662 collegium
1635 608 1852 659 „visitat“.

803 673 973 716 Canisio
1016 673 1253 716 adiuvante
1287 673 1532 727 Stephanus
1564 673 1772 727 Agricola
1816 672 1904 724 „iu-

862 738 998 788 nior“‚
1034 741 1310 781 contionator
1341 738 1610 789 lutheranus,
1648 737 1905 792 Ingolstadii

863 803 917 845 ad
950 803 1178 845 ecclesiam
1211 803 1462 846 revertitur.

802 867 968 902 Canisius
995 879 1075 902 cum
1103 867 1142 902 P.
1169 867 1302 901 Lanoio
1328 867 1579 901 vindobonam
1604 867 1855 912 proficiscitur.

802 933 1084 976 Vindobonae
1108 948 1203 976 cum
1227 948 1418 984 caesare,
1452 933 1588 975 Hosio
1614 933 1765 976 nuntio
1799 947 1903 988 apo-

861 999 1036 1050 stolico,
1080 999 1323 1042 rectoribus
1361 999 1641 1052 collegiorum
1674 999 1726 1040 de
1759 998 1903 1041 Socie-

859 1064 967 1107 tatis
1001 1067 1045 1107 et
1076 1064 1212 1107 totius
1247 1064 1457 1107 ecclesiae
1498 1064 1627 1106 rebus
1669 1064 1902 1107 consultat.

859 1130 927 1172 Ad
961 1130 1109 1172 Socios
1141 1144 1363 1172 sermones
1396 1143 1543 1172 sacros
1575 1129 1720 1172 habet.
1779 1129 1903 1171 Com-

859 1195 1055 1249 pluribus
1095 1195 1382 1250 typographis
1421 1195 1738 1237 coloniensibus
1769 1194 1904 1249 privi-

860 1260 975 1314 legia
1009 1275 1214 1303 caesarea
1247 1263 1484 1315 comparat.

801 1325 993 1381 Pragam
1045 1326 1101 1368 ad
1153 1326 1382 1380 collegium
1436 1325 1749 1377 „visitandum“
1803 1339 1904 1380 pro-

861 1391 1080 1434 ficiscitur.

777 1455 1084 1514 *Oenipontem
1117 1457 1315 1508 advenit,
1350 1457 1402 1499 de
1436 1457 1619 1510 collegio
1652 1456 1711 1498 ibi
1744 1455 1904 1498 consti-

776 1517 778 1532 ι

860 1523 1022 1565 tuendo
1057 1537 1151 1564 cum
1184 1522 1518 1576 magistratibus
1551 1524 1741 1564 acturus

803 1598 1002 1644 Oeniponte
1037 1610 1119 1632 cum
1153 1598 1286 1633 Lanoio
1323 1598 1530 1632 naviculam
1566 1596 1905 1641 conscendit,¹qua

861 1664 925 1698 per
951 1651 1090 1686 Oenum
1115 1652 1152 1686 in
1177 1652 1372 1686 Bavariam
1397 1651 1562 1686 vehatur.

777 1755 778 1769 1
802 1734 1016 1778 Monachii
1031 1735 1183 1788 colleg.
1201 1734 1433 1778 Societatis
1447 1734 1597 1777 invisit
1612 1733 1627 1787 (
1637 1733 1834 1785 ‚,visitat“
1850 1734 1902 1786 12).

777 1842 778 1855 ,
801 1817 908 1851 Festo
926 1816 1156 1850 Visitationis
1175 1817 1214 1850 B.
1229 1816 1277 1850 M.
1293 1817 1337 1851 V.
1352 1815 1542 1862 Augustae
1560 1816 1597 1850 in
1615 1827 1754 1850 summo
1768 1815 1903 1861 templo

861 1870 904 1904 (10
931 1869 1007 1904 01115
1034 1869 1103 1904 diei
1129 1870 1268 1904 ratione
1295 1872 1331 1904 et
1357 1870 1478 1904 fructu
1505 1869 1603 1904 dicit.

799 1922 901 1957 Dom.
928 1922 972 1957 V.
999 1925 1081 1968 post
1106 1923 1208 1958 Pent.
1236 1923 1367 1958 ibidem
1394 1923 1437 1957 de
1463 1923 1636 1957 bonorum
1671 1934 1819 1968 operum
1843 1934 1903 1956 ne-

859 1977 1030 2011 cessitate
1057 1978 1093 2011 et
1119 1977 1162 2010 de
1187 1977 1346 2011 moribus
1371 1976 1610 2011 reformandis
1637 1975 1733 2010 dicit.

775 2033 776 2046 1

775 2049 776 2072 ³
799 2055 995 2093 Societate's
1022 2056 1253 2105 ccpoloyiam,
1282 2069 1306 2092 a
1334 2055 1458 2105 steph.
1488 2055 1669 2104 Aqrc'cola
1698 2051 1899 2104 „izmiorffl

857 2117 1054 2164 scriptam,
1083 2115 1276 2152 Coloniam
1305 2116 1422 2152 mittit
1454 2119 1487 2152 et
1517 2114 1624 2161 (aliis
1651 2113 1901 2163 iuvantibus),

861 2179 899 2211 ut
915 2174 1051 2212 ibidem
1065 2175 1338 2223 archiepiscopi
1358 2175 1539 2224 inmensis
1553 2173 1756 2224 evulyetur,
1777 2173 1900 2221 efficit.

774 2230 898 2284 ¹Dom.
927 2249 987 2284 VI.
1017 2252 1096 2295 post
1131 2249 1233 2284 Pent.
1262 2261 1280 2284 e
1316 2251 1494 2293 suggestu
1530 2250 1573 2283 de
1608 2248 1797 2292 evangelio
1832 2247 1902 2282 diei

771 3015 773 3040 l

858 2303 963 2344 dicit,
1000 2303 1114 2337 solam
1141 2303 1331 2338 ecclesiam
1363 2303 1579 2337 catholicam
1614 2314 1740 2337 veram
1767 2301 1901 2336 Christi

855 2357 1042 2391 ecclesiam
1072 2368 1152 2391 esse
1178 2357 1344 2402 probans.

773 2410 774 2444 l
798 2410 898 2444 Dom.
930 2410 1006 2445 VII.
1033 2413 1115 2455 post
1141 2410 1243 2445 Pent.
1272 2410 1315 2444 de
1342 2409 1532 2453 evangelio
1563 2409 1633 2444 diei
1660 2409 1898 2443 contionatur.

773 2463 904 2499 ssFesto
941 2463 976 2498 S.
1003 2464 1140 2498 Mariae
1166 2463 1405 2507 Magdalenae
1442 2475 1487 2497 ex
1525 2462 1714 2507 evangelio
1753 2462 1822 2496 diei
1857 2462 1901 2496 de

857 2517 1056 2551 christiana
1082 2517 1223 2551 iustitia
1248 2516 1346 2551 dicit.

798 2570 905 2604 Festo
931 2569 966 2604 S.
994 2570 1113 2605 Iacobi
1140 2571 1183 2605 de
1213 2570 1338 2605 diebus
1374 2569 1546 2615 apostolis
1582 2569 1714 2611 sacris,
1750 2568 1900 2611 iustitia,

858 2624 1090 2658 emendandis
1116 2624 1274 2658 moribus
1301 2623 1398 2658 dicit.

797 2676 898 2712 Dom.
926 2677 1023 2713 VIM.
1051 2680 1132 2723 post
1152 2677 1254 2712 Pent.
1282 2677 1325 2711 de
1349 2676 1538 2721 evangelio
1565 2677 1635 2711 diei
1661 2675 1899 2711 contionatur.

798 2752 1050 2806 „Smnmanst
1072 2757 1193 2793 demto
1216 2756 1473 2793 excudendmn
1503 2755 1675 2793 emendat
1704 2759 1898 2804 achetque.

772 2826 899 2866 ³D0m.
926 2831 987 2865 IX.
1013 2834 1095 2876 post
1121 2831 1223 2866 Pent.
1260 2843 1305 2866 ex
1340 2831 1528 2874 evangelio
1564 2831 1635 2865 diei
1669 2842 1783 2866 novos
1818 2842 1898 2865 con·

857 2885 1054 2919 tionatores
1080 2885 1194 2920 falsos
1221 2896 1300 2920 esse
1326 2884 1521 2930 prophetas
1547 2884 1715 2919 ostendit.

796 2937 903 2973 Festo
942 2937 976 2973 S.
1014 2937 1197 2973 Laurentii
1233 2938 1276 2972 de
1311 2938 1388 2973 eius
1430 2937 1597 2973 laudibus
1635 2937 1816 2982 simulque
1855 2937 1897 2972 de

855 2991 1044 3035 evangelio
1070 2991 1141 3026 diei
1167 2992 1266 3026 dicit.

770 3044 896 3084 ,Dom.
925 3045 967 3079 X.
995 3048 1077 3090 post
1110 3045 1213 3080 Pent.
1250 3045 1293 3079 de
1327 3044 1595 3080 misericordiae
1634 3044 1801 3090 operibus
1836 3044 1896 3088 (ex

854 3099 1043 3143 evangelio
1070 3099 1155 3138 diei)
1185 3100 1222 3133 et
1253 3098 1296 3133 de
1328 3098 1457 3133 animis
1484 3098 1529 3132 ad
1563 3097 1697 3133 festum
1725 3099 1895 3143 Assump-

853 3152 963 3187 tionis
988 3152 1028 3187 B.
1056 3152 1105 3186 M.
1131 3151 1174 3187 V.
1202 3151 1373 3198 parandis
1399 3151 1497 3186 dicit.
