2142 3455
177 168 261 207 226
415 161 494 195 283.
532 159 698 194 Canisius
724 157 907 192 Leonardo
934 156 1073 191 Kessel.
1113 154 1331 197 Straubinga
1358 154 1413 189 20.
1442 154 1563 188 Martii
1592 153 1692 188 1558.

293 282 319 332 η’·
353 278 497 321 Nobili
531 277 636 327 uiro,
672 275 858 318 Henrico
882 274 1197 323 Schweiekero,
1232 272 1476 315 Secretario
1503 271 1707 327 principis
1730 271 1943 314 Bauariae

174 345 405 388 ,illustr-iss,
441 342 622 385 Domino
657 345 700 384 et.
733 340 870 383 amico
904 339 1095 382 colendo,
1645 351 1696 378 zu
1729 337 1941 378 Miinclien

293 430 519 476 inscriptioni
557 428 831 464 Schweickerus
869 426 1076 461 adnotavit:
1120 425 1399 467 „praesentatae
1436 424 1480 458 25
1516 423 1638 468 Martij
1678 424 1780 457 Anno
1817 424 1939 458 1558.“

172 488 268 521 Idem
306 487 340 520 in
366 485 498 530 pagina
526 483 633 517 tertia
659 482 766 516 huius
793 481 969 526 epistulae
996 479 1290 513 eonmientarium
1318 478 1439 523 posuit
1465 477 1687 518 litterarum,
1724 477 1853 521 quibus
1879 476 1943 511 Ca—

171 541 262 575 nisio
292 540 363 581 (27.
391 538 542 583 Aprilis)
579 537 623 571 ad
660 536 752 570 hane
788 535 980 580 epistulam
1016 543 1255 577 responsurus
1287 534 1403 571 essen
1440 531 1506 565 luae
1533 530 1774 565 Schweiekeri
1801 530 1943 564 litterae

172 595 265 628 infra
291 595 543 638 proponentur.

993 687 1123 729 283.

911 780 1207 828 CANISIUS

559 890 622 931 P.
655 884 1054 930 LEONARDO
1088 883 1378 926 KESSEL
1415 883 1470 926 S.
1504 883 1561 926 J.

728 972 934 1018 ceterisque
961 970 1076 1007 Sociis
1104 969 1386 1007 coloniensibus.

765 1059 994 1105 Straubinga
1021 1059 1079 1095 20.
1106 1057 1230 1094 Martii
1258 1056 1350 1093 1558.

290 1150 344 1184 Ex
380 1148 577 1192 archetypo
615 1147 666 1189 (in
702 1157 770 1190 quo
798 1143 932 1179 Canisii
968 1154 1096 1177 manus
1121 1154 1190 1176 non
1219 1140 1417 1186 comparet)
1447 1140 1505 1175 vel
1540 1139 1746 1185 apographo
1783 1139 1940 1174 eiusdem

170 1204 342 1249 temporis
371 1203 444 1245 (⁶20;
482 1202 498 1235 1
529 1213 582 1246 p.;
619 1200 654 1234 in
680 1211 713 1244 p.
741 1199 772 1232 2.
801 1198 946 1241 inscr.):
981 1196 1058 1231 folii
1093 1207 1177 1241 pars
1208 1195 1349 1233 infima,
1386 1194 1422 1228 in
1449 1206 1519 1239 qua
1547 1193 1679 1228 Canisii
1706 1204 1834 1227 nomen
1860 1193 1941 1227 sub-

169 1259 345 1303 scriptum
372 1258 459 1296 erat,
486 1254 602 1289 recisa
629 1264 708 1287 esse
727 1252 890 1291 videtur;
918 1249 1141 1295 inscriptioni
1167 1260 1275 1283 manu
1302 1249 1449 1292 antiqua
1477 1247 1685 1282 adnotatum
1713 1249 1785 1281 est:
1816 1246 1939 1289 π1558.

169 1313 225 1347 20.
253 1310 375 1355 Martij
402 1310 442 1343 P.
470 1308 636 1342 Canisius
663 1305 889 1348 St1·aubi11g.“
945 1304 1028 1338 Cod.
1057 1303 1169 1338 colon.
1201 1302 1351 1347 „Epistt.
1379 1302 1422 1336 ad
1449 1300 1588 1335 Kessel.
1616 1301 1663 1334 Ι.“
1694 1300 1718 1334 f.
1748 1300 1825 1334 135.

289 1362 475 1409 Epistulae
501 1360 719 1395 mentionem
745 1358 834 1392 fecit
862 1359 1007 1392 Han-sen
1033 1357 1055 1390 1.
1084 1368 1113 1391 e.
1141 1368 1174 1400 p.
1201 1356 1296 1390 2971.

289 1443 508 1475 Facultatem
545 1440 662 1482 fideles
696 1438 824 1471 ieiunii
859 1438 928 1479 lege.
954 1436 1131 1468 eminendi
1155 1435 1270 1467 mittit.
1319 1435 1398 1476 Ipse
1425 1433 1664 1475 Straubz'nyae
1700 1433 1938 1465 contionatur.

171 1497 355 1531 ‚societatis
373 1494 596 1538 conyregsate‘o
612 1492 801 1535 [senerah-5.
840 1490 960 1523 Novus
978 1499 1102 1522 caesar
1122 1489 1306 1521 Soez'etate's
1320 1492 1497 1529 patronus
1513 1497 1680 1519 summus.
1720 1485 1940 1518 Vehenzenter

172 1552 341 1584 (lamissus
376 1553 496 1592 νομαί,
532 1552 569 1580 πί
604 1547 679 1580 suis
712 1545 863 1578 subdilis·
894 1544 1105 1577 coloniense-s·
1133 1542 1230 1575 Socii
1255 1552 1290 1574 se
1315 1542 1468 1583 {muyans
1495 1541 1529 1572 ἡ)
1558 1540 1661 1572 certis
1681 1539 1849 1582 prm-ibn.»-
1869 1550 1939 1582 pro

169 1616 206 1638 eo
231 1603 419 1647 faciendis.
471 1602 592 1636 Socios
617 1600 686 1632 siba·
710 1599 803 1632 mitti
828 1598 935 1640 eupit.
986 1596 1085 1630 Noe-a
1114 1607 1156 1628 ez·
1182 1595 1299 1628 [nasis
1324 1595 1447 1627 allata.

1041 1692 1068 1744 ,Γ

669 1771 765 1813 Pax
802 1768 954 1812 christi
988 1768 1171 1810 suauiss.
1207 1766 1441 1809 uobiscum.

290 1858 430 1911 Cogor
462 1854 610 1910 paucis
633 1867 765 1907 agere
788 1851 1010 1894 uobiscum
1033 1849 1219 1892 Chariss.
1244 1848 1417 1897 fratres,
1453 1847 1623 1900 quando
1656 1846 1833 1900 negotia
1855 1862 1940 1889 non

169 1924 317 1966 sinunt
348 1921 618 1977 perscribere
650 1918 807 1968 onmia,
841 1931 952 1971 quae
984 1915 1106 1958 breui
1138 1915 1252 1958 forte
1285 1912 1520 1967 accipietis.
1574 1912 1644 1953 Ex
1666 1912 1772 1954 vrbe
1794 1913 1941 1967 accepi

169 2004 299 2043 quam
341 1987 468 2030 mitto
504 1983 870 2040 dispensationem
913 1982 1027 2024 eirea
1058 1979 1358 2023 Jeiunationes
1391 1977 1636 2028 Ecclesiae,
1678 1991 1757 2019 nec
1790 1977 1941 2032 opinor

170 2054 399 2109 quiequam
431 2051 554 2094 uobis
587 2049 749 2093 adferri
788 2062 916 2103 posse
949 2046 1010 2089 eis
1043 2045 1233 2100 gratius,
1276 2045 1352 2087 sed
1384 2044 1552 2086 vtinam
1585 2045 1755 2085 mature
1787 2042 1940 2086 satis1.

288 2120 472 2161 Vestras
515 2130 596 2170 ego
637 2115 780 2157 nullas
821 2111 992 2167 accepi,
1037 2114 1269 2166 postquam
1311 2108 1570 2152 Vuormatia
1612 2107 1814 2159 discessi,
1859 2108 1941 2150 nisi

169 2185 318 2227 vnicas
342 2182 596 2236 Argentine,
631 2180 703 2223 ubi
726 2178 880 2234 scripsi
902 2177 1083 2232 prolixe.
1137 2176 1239 2218 Cum
1273 2175 1327 2217 ad
1349 2174 1573 2217 Boemiam
1605 2173 1746 2216 redire
1769 2173 1940 2224 vellem,

168 2250 369 2305 princeps
392 2248 608 2290 Bauariae
632 2246 700 2288 hic
732 2259 800 2287 me
833 2243 1106 2286 retinendum
1140 2241 1321 2291 curauit,
1356 2243 1404 2282 ut
1437 2240 1595 2294 populo
1629 2253 1768 2281 essem
1791 2253 1816 2280 a
1840 2253 1940 2281 con-

169 2316 374 2358 cionibus
409 2314 618 2367 fugerunt
655 2311 768 2354 enim
800 2309 983 2364 improbi
1016 2307 1339 2350 contionatores
1371 2320 1422 2348 ac
1454 2307 1599 2359 pestes
1641 2304 1785 2359 potius
1817 2304 1941 2346 huius

168 2381 351 2434 insignis
372 2379 495 2434 Reip.
531 2392 660 2432 quam
682 2375 893 2419 Dominus
925 2373 1087 2416 IESVS
1121 2373 1176 2415 ad
1208 2374 1402 2414 veterem
1432 2370 1702 2423 Religionem
1736 2383 1942 2412 reuocare

169 2447 384 2500 dignetur.
420 2447 539 2487 certe
573 2443 824 2496 frequentes
857 2439 1050 2490 audiunt,
1085 2440 1129 2480 et
1151 2436 1396 2480 Catholicos
1427 2439 1576 2478 tamen
1598 2449 1676 2476 nos
1700 2435 1830 2476 duos³
1855 2432 1938 2488 [?]:

168 2512 211 2553 in
255 2525 338 2565 quo
380 2523 558 2552 munere
600 2508 655 2550 ad
696 2507 859 2562 pascha
900 2518 1060 2558 Vsque,
1103 2503 1139 2546 si
1181 2502 1377 2545 dominus
1415 2502 1598 2550 annuet,
1637 2500 1939 2554 perseuerabo.

168 2577 403 2626 Incertum,
437 2589 492 2617 an
514 2574 665 2616 futura
696 2572 753 2614 sit
785 2569 1025 2626 prepositi2
1057 2568 1225 2618 electio,
1258 2567 1421 2609 Jubent
1450 2580 1518 2608 me
1540 2568 1742 2620 paratum
1765 2565 1820 2607 ad
1842 2579 1942 2619 pro-

169 2642 403 2685 fectionem
426 2654 522 2682 esse
545 2640 694 2681 Mense
717 2637 845 2680 Maio,
888 2634 1100 2678 Dominus
1122 2632 1297 2676 Caesari
1318 2645 1430 2674 nouo
1453 2631 1642 2685 gratiam
1666 2630 1800 2673 addat
1823 2643 1942 2672 asse-

168 2707 330 2749 rendae
370 2704 609 2759 Religionis
626 2705 654 2746 3.
697 2703 906 2745 habemus
949 2703 1066 2743 certe
1107 2701 1339 2754 patronum
1381 2696 1624 2750 gratiosiss.
1669 2699 1713 2739 et
1756 2695 1940 2750 primum

288 2851 301 2864 ³
333 2846 416 2887 Sic,·
440 2845 500 2877 sed
523 2844 678 2886 fortasse
703 2842 761 2875 hic
787 2842 883 2874 locus
908 2851 928 2873 a
955 2841 1130 2883 scriptore
1155 2842 1345 2880 corruptus
1370 2841 1428 2869 est.

293 2970 302 2989 ¹
328 2967 553 3002 Facultatem
579 2964 787 3009 significari,
815 2975 885 3008 qua
912 2962 1007 2997 Socii
1031 2961 1158 2996 fideles
1182 2961 1263 3004 lege
1290 2959 1411 2994 ieiunii
1436 2958 1577 2994 solvere
1595 2958 1752 3003 possent,
1778 2957 1879 3002 patet
1896 2967 1941 2990 ex

171 3021 301 3056 litteris
329 3021 462 3055 Canisii
489 3021 546 3055 23.
574 3019 710 3065 Aprilis
739 3018 829 3052 1558
856 3017 900 3052 ad
926 3015 1092 3050 Lainium
1120 3014 1225 3049 datis

292 3076 304 3094 ‘-’
331 3074 533 3119 Praepositi
560 3071 742 3116 generalis
769 3070 971 3106 Societatis.

292 3128 304 3145 ³⁴
329 3126 461 3160 Notum
496 3128 553 3161 est
589 3125 741 3160 Paulum
767 3123 827 3158 IV.
867 3124 992 3169 postea
1028 3121 1146 3157 Caroli
1180 3119 1224 3154 V.
1261 3119 1418 3154 caesaris
1454 3117 1716 3152 abdicationem
1751 3117 1787 3150 et
1821 3113 1939 3148 Ferdi-

172 3179 278 3213 nandi
298 3179 324 3213 Ι.
352 3179 564 3214 electionem
591 3178 713 3213 irritas
739 3177 885 3217 dixisse,
913 3188 953 3210 eo
980 3175 1073 3220 quod
1100 3173 1302 3208 inconsulto
1328 3183 1466 3207 summo
1484 3169 1652 3217 pontifice
1669 3169 1788 3203 factae
1807 3168 1938 3202 essent.
