2142 3455
737 131 958 175 Ingolstadio
985 131 1017 166 3.
1044 130 1229 165 Februarii
1258 129 1360 164 1558.
1853 133 1934 174 199

164 248 220 291 Di
251 248 397 302 gratia
428 263 514 291 non
546 248 611 290 sia
643 248 790 291 levato
824 248 876 290 de
899 249 1156 302 Alemagna,
1191 247 1354 289 anchor
1386 247 1464 289 che
1491 247 1717 291 desideria.
1780 249 1827 291 Io
1859 262 1938 304 per

164 314 298 356 molte
329 313 679 368 peregrinatione
712 316 757 355 et
782 313 1028 356 mutazione
1060 327 1145 355 11011
1176 326 1306 367 posso
1340 314 1429 354 6051
1451 313 1836 366 particularmente
1868 315 1936 357 at-

163 379 343 422 tendere
376 392 495 421 601116
527 378 674 421 vorria
715 381 759 420 61
792 379 953 421 devria.
1018 379 1076 420 Et
1108 377 1236 420 credo
1270 377 1348 419 che
1381 377 1497 419 assai
1529 392 1575 420 se
1607 393 1737 433 possa
1769 379 1934 421 servire

164 457 191 486 a
212 443 293 485 Dio
325 443 370 485 in
401 443 582 487 visitare
614 446 658 485 et
691 443 939 486 confortare
963 443 1104 497 questi
1126 441 1327 497 Principi,
1363 445 1407 485 et
1439 442 1629 486 anchora
1660 443 1703 485 in
1735 444 1936 499 piantare

163 508 295 550 nuovi
317 508 508 563 Collegii.
553 508 673 550 Iddio
697 507 733 549 si
756 509 902 562 voglia
934 509 1099 551 servire
1132 508 1244 551 delle
1271 509 1419 549 nostre
1452 508 1626 560 fatiche,
1660 509 1774 551 nelle
1807 510 1935 563 quale

163 587 273 628 gran
305 588 516 628 speranza
547 577 592 617 et
625 573 920 616 consolatione
962 574 999 616 ci
1032 574 1218 616 concede
1250 587 1328 628 per
1360 573 1404 615 16
1435 587 1515 615 sua
1552 574 1686 617 bonta
1718 574 1887 617 infinita
1905 575 1934 617 1.

162 638 385 682 Aiutateci
418 653 499 682 con
530 639 560 681 11
592 638 731 681 vostri
755 639 878 682 Santi
911 639 1106 682 sacrifitii
1139 641 1184 682 et
1206 638 1405 689 orationi,
1440 638 1557 681 accio
1581 639 1659 681 che
1690 640 1734 682 16
1755 641 1935 682 volonta

164 718 244 746 sua
275 719 360 746 non
393 704 552 747 habbia
583 704 627 746 in
658 703 730 746 noi
761 704 875 747 tanti
907 704 1203 759 impedimenti
1236 706 1280 747 et
1312 704 1539 755 obstaculi,
1578 719 1649 747 ma
1682 705 1759 747 che
1791 705 1828 747 si
1860 705 1937 747 ad-

163 769 355 824 empisca
396 784 475 812 con
516 769 760 824 semplicita
802 772 846 812 et
889 771 1137 812 confidenza
1177 769 1382 825 perfetta.
1448 769 1566 812 Gran
1607 770 1823 813 necessita
1865 770 1936 825 qui

162 835 347 878 hauemo
381 834 480 877 delli
510 835 757 878 Coadiutori
788 836 1031 889 temporali,
1066 838 1110 878 et
1143 835 1243 878 delli
1266 835 1525 878 Confessori.
1575 835 1630 877 86
1662 839 1686 878 6
1717 836 1935 891 possibile,

163 900 216 943 V.
250 900 301 943 R.
345 900 383 942 ci
427 900 535 943 aiuti
580 914 660 942 6011
701 900 844 942 61611111
886 901 986 943 boni
1031 900 1214 955 subjecti
1258 914 1465 955 appresso
1510 900 1540 941 il
1572 900 1714 943 Padre
1745 900 1935 953 Vicario,

162 966 322 1020 perche
354 966 397 1008 la
428 965 645 1008 necessita
676 980 763 1007 non
796 967 818 1007 6
849 980 971 1020 poca.

281 1030 489 1073 Desidere
523 1030 659 1073 anche
690 1031 827 1073 haver
849 1046 934 1073 11116
958 1031 1082 1087 copia
1104 1032 1218 1074 della
1240 1030 1552 1082 confutatione,
1585 1031 1629 1073 la
1656 1031 1783 1084 quale
1806 1031 1858 1074 V.
1882 1031 1933 1073 R.

162 1095 208 1138 fa
240 1098 393 1139 contra
423 1096 454 1138 il
477 1097 652 1139 decreto
674 1096 920 1138 Parisiense
938 1099 976 1139 2:
1012 1100 1055 1140 et
1087 1097 1269 1151 rigratio
1292 1097 1427 1139 molto
1451 1097 1493 1139 al
1514 1096 1772 1139 Reuerendo
1794 1096 1936 1138 Padre

162 1161 374 1204 Emanuel
406 1176 485 1216 per
515 1162 559 1204 la
591 1176 670 1204 sua
701 1161 867 1204 faticha
899 1162 1013 1204 circa
1045 1163 1076 1204 il
1108 1162 1393 1214 Cathecismo‚
1437 1162 1482 1204 16
1514 1162 1615 1216 qual
1647 1176 1733 1204 non
1767 1163 1789 1204 6
1820 1161 1936 1204 fatta

162 1240 293 1269 senza
324 1227 462 1270 frutto
482 1228 510 1270 3.
554 1227 666 1270 Item
698 1228 753 1269 ho
787 1227 939 1270 scritto
974 1228 1156 1281 qualche
1188 1229 1310 1271 volta
1342 1227 1411 1270 del
1432 1227 1518 1270 mio
1542 1227 1716 1270 fratello
1740 1227 1934 1270 Maestro

163 1291 445 1344 Theoderico,
480 1293 558 1335 che
590 1307 675 1335 non
710 1293 893 1335 essendo
926 1293 1131 1336 mandato
1163 1307 1242 1348 per
1263 1293 1453 1345 Colonia,
1488 1293 1600 1336 dove
1633 1295 1655 1335 6
1689 1293 1813 1348 copia
1835 1293 1936 1335 delli

162 1357 418 1409 Professori,
453 1358 519 1400 sia
550 1358 764 1401 riserbato
797 1372 875 1412 per
897 1359 1142 1412 Alemagna
1174 1361 1219 1401 et
1249 1358 1440 1401 maxime
1471 1372 1550 1413 per
1570 1359 1728 1412 Praga,
1763 1358 1874 1400 dove
1906 1358 1934 1400 li

162 1422 233 1464 doi
254 1423 495 1466 Professori
517 1424 683 1467 Doctor
704 1423 895 1466 Henrico
919 1427 963 1466 et
985 1424 1178 1467 Maestro
1202 1424 1401 1467 Hurtado
1429 1438 1535 1466 sono
1559 1426 1933 1466 communemente

161 1488 355 1532 amalati.
401 1489 438 1531 si
479 1503 600 1531 come
640 1489 832 1532 anchora
873 1489 902 1531 il
934 1490 1077 1531 Padre
1109 1489 1366 1544 Queuiglion
1398 1489 1471 1543 qui
1504 1489 1681 1532 diuenta
1714 1489 1838 1543 quasi
1869 1489 1935 1531 in-

159 1553 304 1596 habile
336 1554 392 1596 ad
424 1557 580 1608 questa
610 1554 834 1610 prouincia
867 1555 909 1597 di
940 1555 1131 1609 leggere.

161 1699 296 1734 diutius
333 1699 428 1745 apud
462 1711 527 1734 nos
562 1700 741 1741 manebit,
780 1712 821 1734 eo
855 1700 1029 1734 maturior
1064 1702 1101 1734 et
1135 1700 1324 1734 discretior
1358 1700 1395 1734 in
1431 1700 1569 1744 agendo
1609 1700 1762 1735 evadere
1788 1702 1934 1746 poterit.

160 1752 291 1795 Nolite,
319 1764 463 1798 quaeso,
491 1765 537 1788 ex
556 1753 751 1788 Germania
777 1766 857 1788 eum
876 1765 1058 1794 revocare,
1086 1753 1228 1788 etiamsi
1254 1753 1348 1788 forte
1366 1754 1443 1799 ipse
1470 1754 1504 1788 id
1524 1754 1658 1799 cupiat.
1692 1753 1770 1798 Ego
1787 1757 1936 1801 propter

160 1807 296 1841 multas
321 1807 630 1853 peregrinationes
658 1809 694 1841 et
720 1807 939 1842 mutationes
977 1819 1044 1842 non
1072 1819 1219 1853 possum
1244 1807 1398 1851 singulis
1424 1808 1531 1842 rebus
1557 1807 1609 1842 ita
1634 1807 1859 1853 prospicere,
1894 1811 1936 1844 ut

160 1859 294 1895 vellem
320 1862 357 1895 et
382 1860 559 1895 deberem.
596 1860 643 1895 Et
667 1863 755 1906 puto
781 1861 871 1895 satis
890 1860 964 1895 Deo
991 1872 1047 1894 me
1072 1861 1212 1895 servire
1236 1872 1343 1906 posse
1361 1861 1584 1906 principibus
1609 1861 1708 1896 hisce
1734 1861 1935 1897 invisendis

160 1915 198 1948 et
223 1913 478 1949 confirmandis
505 1916 541 1949 et
565 1914 670 1949 novis
697 1915 805 1949 etiam
833 1914 996 1957 collegiis
1022 1914 1266 1949 instituendis.
1316 1914 1415 1950 Deus
1440 1915 1622 1949 laboribus
1640 1915 1774 1949 nostris
1799 1917 1934 1959 utatur,

158 1967 254 2002 inter
288 1979 378 2012 quos
413 1980 476 2013 pro
511 1968 652 2002 infinita
686 1968 846 2003 bonitate
881 1980 947 2002 sua
985 1979 1154 2012 magnam
1180 1968 1283 2003 nobis
1308 1968 1436 2003 tribuit
1470 1980 1572 2014 spem
1609 1980 1854 2013 magnumque
1880 1980 1935 2004 so-

158 2020 292 2056 lacium
309 2022 331 2056 ¹.
379 2021 561 2056 Adiuvate
586 2034 651 2056 nos
677 2023 815 2056 sanctis
841 2021 1028 2056 sacrificiis
1055 2024 1092 2056 et
1116 2022 1283 2067 precibus
1308 2022 1454 2063 vestris,
1482 2024 1519 2056 et
1545 2021 1690 2064 efficite,
1717 2024 1758 2057 ut
1782 2024 1933 2058 sanctae

159 2074 237 2110 eius
262 2074 443 2110 voluntati
467 2076 543 2109 tam
568 2075 683 2110 multa
708 2087 778 2110 non
804 2075 1050 2110 interveniant
1083 2075 1120 2109 in
1145 2075 1248 2110 nobis
1283 2075 1541 2121 impedimenta
1567 2077 1604 2110 et
1629 2075 1834 2118 obstacula,
1869 2076 1933 2111 sed

157 2130 199 2162 ut
224 2140 305 2163 cum
331 2128 563 2174 simplicitate
589 2131 626 2163 et
650 2129 758 2174 plena
782 2129 912 2163 fiducia
939 2129 971 2163 61
994 2129 1294 2175 obtemperemus.
1328 2129 1464 2173 Magna
1497 2129 1557 2164 hic
1582 2129 1788 2164 laboramus
1813 2130 1933 2175 inopia

158 2181 406 2216 coadiutorum
431 2182 683 2228 temporalium
710 2184 747 2217 et
772 2182 1084 2217 confessariorum.
1136 2182 1173 2217 Si
1197 2182 1278 2217 fieri
1303 2183 1446 2228 poterit,
1474 2183 1515 2218 R.
1535 2182 1578 2218 V.
1606 2183 1769 2218 homines
1796 2183 1933 2227 aliquot

158 2235 202 2270 ad
221 2235 311 2270 haec
328 2236 475 2270 idoneos
492 2236 588 2281 patri
606 2236 742 2271 vicario
761 2236 897 2277 offerat,
926 2235 987 2280 qui
1005 2236 1108 2270 nobis
1125 2236 1337 2277 mittantur;
1364 2248 1447 2270 nam
1471 2248 1691 2282 magnopere
1709 2237 1754 2271 iis
1772 2248 1931 2281 egemus.

278 2289 390 2335 Cupio
427 2290 538 2324 etiam
575 2290 781 2335 exemplum
817 2289 1073 2324 confutationis
1108 2290 1260 2333 habere,
1299 2302 1407 2335 quam
1433 2291 1475 2325 R.
1503 2290 1546 2325 V.
1586 2292 1712 2325 contra
1747 2291 1930 2325 decretum

156 2342 245 2378 illud
270 2343 470 2389 parisiense
493 2344 688 2378 conscribit
701 2343 724 2386 2,
752 2345 788 2377 et
805 2343 1002 2377 reverendo
1020 2343 1116 2389 patri
1135 2343 1362 2379 Emmanueli
1387 2355 1540 2388 magnas
1565 2344 1705 2388 gratias
1731 2356 1811 2388 ago,
1838 2344 1932 2389 quod

156 2397 376 2432 catechismo
402 2409 506 2431 suam
531 2397 707 2443 impendit
732 2409 888 2443 operam,
915 2408 1008 2441 quae
1035 2399 1133 2431 certe
1155 2396 1316 2432 utilitate
1341 2409 1412 2432 non
1440 2400 1540 2432 caret
1555 2398 1577 2432 3.
1612 2397 1843 2442 Aliquotiens
1868 2409 1934 2443 per

155 2450 299 2485 litteras
324 2450 424 2496 petii,
450 2453 491 2485 ut
516 2451 692 2495 magister
718 2450 961 2485 Theodericus
987 2451 1100 2485 frater
1125 2463 1246 2493 meus,
1283 2451 1314 2486 si
1340 2463 1410 2486 non
1436 2451 1643 2486 mitteretur
1676 2451 1713 2485 in
1739 2451 1932 2495 collegium

155 2504 359 2539 coloniense
384 2504 651 2550 professoribus
677 2504 883 2545 abundans,
920 2503 1135 2538 Germaniae
1163 2507 1199 2539 61
1224 2505 1381 2539 maxime
1407 2504 1549 2549 Pragae
1574 2506 1835 2547 reservaretur,
1870 2504 1930 2540 ubi

155 2557 224 2592 duo
249 2558 474 2603 professores
500 2558 623 2592 doctor
640 2557 819 2592 Henricus
846 2560 882 2592 et
906 2557 1081 2601 magister
1104 2558 1292 2593 Hurtadus
1317 2570 1459 2604 semper
1484 2559 1561 2593 fere
1587 2560 1793 2602 aegrotant;
1819 2559 1929 2602 atque

155 2611 266 2646 etiam
291 2611 350 2646 hic
375 2613 479 2657 pater
504 2611 728 2646 Cuvillonius
755 2611 799 2645 ad
825 2610 893 2645 1106
919 2611 1068 2645 docendi
1095 2623 1226 2646 munus
1253 2612 1357 2656 quasi
1382 2612 1528 2657 ineptus
1555 2611 1688 2646 evadit.

276 2758 286 2778 ¹
312 2757 406 2792 Vide
431 2769 542 2803 supra
567 2769 600 2803 p.
630 2758 724 2792 111².
753 2757 831 2792 190.

274 2811 288 2831 ²
314 2810 480 2845 Canisius
506 2810 689 2845 decretum
713 2810 904 2854 significat,
933 2821 1002 2854 quo
1029 2810 1186 2845 facultas
1212 2810 1415 2854 theologica
1435 2810 1641 2846 Sorbonnae
1667 2811 1697 2845 1.
1716 2809 1928 2845 Decembris

155 2864 248 2899 1554
272 2864 581 2910 pronuntiaverat,
608 2863 825 2898 Societatem
851 2863 933 2898 Iesu
963 2863 1099 2907 „videri
1124 2864 1160 2898 in
1186 2864 1331 2909 negotio
1356 2864 1439 2899 fidei
1467 2864 1717 2910 periculosam,
1743 2863 1844 2910 pacis
1861 2863 1927 2898 Ec·

153 2917 286 2952 clesiae
311 2916 618 2963 perturbativam,
655 2917 875 2952 monasticae
901 2916 1086 2961 religionis
1112 2917 1337 2961 eversivam,
1373 2919 1409 2952 et
1439 2919 1558 2963 magis
1583 2919 1620 2952 111
1646 2917 1927 2952 destructionem

154 2982 262 3016 quam
287 2971 325 3004 in
350 2970 656 3005 aedificationem“
688 2969 901 3015 (Polancus,
927 2970 1128 3006 Chronicon
1153 2971 1214 3014 IV,
1242 2971 1449 3013 328—330;
1485 2971 1528 3013 V,
1559 2970 1725 3016 11-12).
1777 2970 1815 3006 Si
1841 2970 1926 3016 quid

154 3026 279 3060 contra
306 3023 525 3058 Sorbonnam
552 3035 574 3058 a
598 3023 721 3058 Natali
746 3024 922 3070 scriptum
948 3027 1024 3066 est,
1059 3025 1197 3070 perisse
1223 3025 1385 3066 videtur;
1421 3025 1467 3060 cf.
1497 3026 1751 3069 Somneerroyel
1774 3024 1798 3060 l.
1825 3036 1855 3059 6.
1881 3023 1927 3067 V,

155 3077 402 3113 1517—1520.

273 3131 286 3151 ⁸
311 3129 350 3164 P.
367 3129 579 3165 Emmanuel
593 3129 641 3165 Sa
655 3129 790 3166 Canisii
807 3130 1030 3174 „Summam“
1049 3132 1375 3176 recognoscendam
1389 3134 1619 3178 susceperam
1634 3132 1679 3168 cf.
1695 3143 1805 3178 supra
1818 3144 1853 3178 p.
1868 3131 1924 3166 97.
