2142 3455
586 164 631 198 II.
667 163 892 198 Prooemium
918 164 1112 198 voluminis
1138 163 1286 199 secundi
1315 163 1390 207 (IV,
1420 164 1469 205 3).
1780 178 1913 206 XXVII

140 282 231 317 tium
256 282 294 316 in
318 293 357 316 re
388 281 567 315 litteraria
602 283 638 316 et
675 281 823 315 libraria
857 281 1073 326 praevalens
1108 281 1325 322 auctoritas,
1359 282 1399 315 ut
1426 280 1592 315 Canisius
1628 282 1808 315 assereret
1838 279 1915 322 „In-

141 335 274 370 dicern“
305 335 342 369 in
369 333 562 369 Germania
588 346 704 379 neque
730 334 999 379 promulgatum
1024 346 1140 379 neque
1167 335 1400 369 observatum
1426 334 1480 368 iri.
1531 334 1630 368 luter
1668 334 1766 379 ipsos
1793 333 1916 368 Socios

142 390 236 429 sunt,
263 387 324 433 qui
350 389 479 433 putent
504 399 554 429 se,
581 387 611 422 si
639 388 683 422 ad
709 388 866 422 litteram
895 400 975 422 euin
1002 389 1195 423 observare
1223 388 1386 427 debeant,
1414 399 1434 421 a
1460 387 1594 421 scholis
1619 399 1762 421 cessare
1787 387 1916 421 debere

141 452 341 488 parumque
367 441 508 475 fructus
536 453 581 475 ex
607 441 721 476 sacris
748 441 1033 476 confessionibus
1059 442 1248 476 relaturos.
1292 440 1409 483 Quare
1436 440 1593 474 facultas
1624 439 1912 482 ,dissimulandi“

142 497 179 530 et
213 495 305 529 aliae
341 494 648 539 dispensationes,
685 505 819 538 eaeque
854 494 947 528 aliae
982 494 1063 529 aliis
1098 494 1272 536 maiores,
1310 494 1400 539 ipsis
1427 493 1680 528 conceduntur.
1734 492 1917 528 Gardinali

142 549 356 592 Augustano
388 548 628 593 permittitur,
664 550 705 582 ut
729 548 849 582 Indice
875 548 1135 592 promulgando
1160 547 1406 593 supersedeat.
1459 546 1624 581 Canisius
1650 547 1726 592 ipse
1752 547 1789 580 in
1814 546 1916 581 libris

143 601 290 636 edendis
316 613 397 636 eum
424 614 469 635 ex
495 603 598 647 parte
624 601 796 645 neglegit.
847 601 934 636 Pius
960 601 1021 636 IV.
1048 602 1126 646 ipso
1153 601 1385 647 pontificatus
1420 600 1522 634 initio
1556 600 1671 634 multa
1707 612 1753 634 ex
1782 599 1915 634 Indicis

141 655 234 699 lege,
261 654 378 689 Lainii
405 667 514 700 opera
539 655 764 700 interposita,
790 654 975 688 remittere
1001 654 1142 689 statuit.

263 738 356 781 Nec
389 738 515 793 parvi
546 737 753 780 momenti
785 751 880 779 esse
913 737 1136 787 videntur,
1177 750 1288 790 quae
1320 735 1516 778 Canisius
1550 736 1602 778 de
1634 736 1798 778 rebus
1830 750 1916 790 po-

144 803 352 846 lonicis
384 803 513 847 testis
546 805 590 845 et
622 804 846 857 spectator
877 801 1035 844 refert:
1068 801 1203 854 Regis
1226 804 1271 844 et
1291 801 1470 854 reginae
1494 815 1677 855 corpora
1709 803 1754 843 et
1786 800 1917 842 animi

145 871 401 923 aegrotant;
444 882 524 910 rex
563 882 718 922 parum
755 869 959 910 strenuus
999 866 1042 908 in
1083 866 1294 920 religione
1334 866 1672 921 propugnanda;
1715 879 1917 920 proceres

143 948 293 988 regem
324 934 465 989 ipsum
496 933 736 975 insolenter
766 934 986 983 tractant,
1028 946 1187 986 papam
1222 934 1266 974 et
1299 932 1525 985 episcopos
1568 931 1774 981 oderunt3
1817 945 1918 985 pro-

144 1002 365 1043 testantes
406 1013 432 1041 a
472 1012 576 1052 rege
618 1000 662 1040 et
703 997 916 1052 episcopis
957 997 1191 1039 honorifice
1231 999 1503 1047 tractantur;
1546 996 1736 1050 episcopi
1777 1010 1916 1046 senes,

145 1079 298 1120 parum
320 1064 462 1119 periti,
495 1063 753 1115 tenaciores,
788 1078 884 1105 cum
908 1062 1169 1106 detrimento
1192 1062 1414 1116 religionis
1442 1076 1468 1103 a
1489 1075 1593 1115 rege
1615 1061 1916 1109 nominantur:

145 1130 287 1173 clerus
310 1130 444 1181 dives,
477 1130 554 1172 sed
575 1143 729 1184 parum
753 1129 927 1178 doctus;
960 1129 1145 1183 populus
1167 1128 1277 1183 pius,
1305 1127 1382 1170 sed
1403 1141 1481 1182 per
1511 1126 1888 1178 „reformationem
1898 1128 1912 1144 ‘⁴

145 1195 189 1238 in
220 1196 465 1238 barbariem
499 1194 717 1249 quandam
748 1198 958 1237 retrusus.

265 1261 335 1302 Ex
367 1262 507 1303 altera
537 1264 686 1303 tamen
718 1263 844 1314 parte
875 1259 919 1301 in
951 1259 1017 1301 his
1040 1258 1200 1301 Canisii
1233 1258 1431 1313 epistulis
1462 1258 1601 1301 multa
1634 1257 1766 1300 etiam
1796 1256 1919 1298 nobis

147 1329 390 1376 occurrunt,
426 1325 578 1379 quibus
605 1324 959 1380 septentrionalis
991 1323 1181 1378 regionis
1215 1327 1345 1378 atque
1377 1323 1590 1377 imprimis
1615 1322 1918 1365 Germaniae

146 1391 497 1434 restauratio
545 1390 821 1444 religiosa
868 1390 939 1431 vel
986 1389 1262 1444 portenditur
1309 1389 1381 1431 vel
1421 1388 1554 1431 etiam
1599 1388 1831 1430 incohatur
1875 1390 1920 1430 et

147 1457 346 1500 efficitur.
399 1458 465 1499 De
488 1456 720 1499 Societatis
749 1456 847 1497 Iesu
880 1455 1074 1508 collegiis
1106 1469 1156 1496 eo
1188 1457 1385 1508 tempore
1417 1453 1611 1496 fundatis
1644 1453 1714 1495 Vel
1745 1452 1920 1494 fundari

147 1522 312 1577 coeptis
343 1522 430 1564 iam
463 1521 663 1564 diximus.
724 1520 981 1573 ‚,Regimen“
1021 1520 1372 1574 oenipontanum,
1405 1519 1587 1561 Iacobus
1618 1518 1748 1560 Ionas
1769 1517 1920 1560 Perdi-

146 1587 278 1630 nandi
310 1588 343 1630 I.
381 1586 765 1629 vicecancellarius
807 1585 993 1635 aulicus,
1036 1585 1281 1627 Fridericus
1314 1585 1551 1639 Staphylus
1593 1587 1637 1626 et
1668 1584 1920 1633 Leonardus

146 1653 333 1696 Piichler
373 1653 565 1695 eiusdem
609 1651 867 1702 consiliarii,
914 1651 1059 1693 Simon
1101 1650 1361 1692 Thaddaeus
1403 1650 1499 1692 Eck
1539 1649 1754 1692 Bavariae
1799 1648 1921 1690 ducis

148 1718 446 1769 cancellarius,
471 1717 687 1760 Henricus
710 1716 986 1760 Schweicker
1008 1715 1200 1757 eiusdem
1223 1715 1498 1765 secretarius,
1521 1714 1751 1768 Wiguleus
1767 1714 1921 1756 Hundt

146 1783 449 1826 universitatis
485 1782 840 1837 ingolstadiensis
882 1784 1079 1832 curator,
1121 1781 1220 1823 laici
1261 1780 1335 1822 alii
1377 1781 1618 1834 complures
1660 1779 1920 1822 catholicam

146 1849 399 1903 religionem
431 1849 663 1891 manifeste
695 1847 890 1902 profiteri
921 1847 1119 1900 tuerique
1151 1861 1236 1888 non
1270 1845 1482 1888 dubitant.
1539 1844 1840 1887 Ferdinandus
1871 1845 1919 1896 L,

149 1914 358 1957 Societati
390 1914 699 1964 amicissimus,
739 1913 962 1956 Sociorum
994 1911 1194 1967 precibus
1228 1913 1272 1953 et
1304 1910 1527 1953 sacrificiis
1559 1911 1842 1953 vehementer
1873 1925 1920 1953 se

148 1980 445 2031 commendat,
479 1993 517 2022 a,
557 1981 668 2021 1558
701 1978 1040 2031 Norimbergae,
1078 1977 1177 2019 dum
1210 1976 1545 2019 Francofurtum
1578 1976 1632 2018 ad
1665 1975 1920 2019 electionem

146 2044 423 2100 imperatoris
463 2044 773 2099 proficiscitur,
817 2058 912 2085 cum
950 2042 1120 2085 Canisio
1162 2041 1455 2085 secretissima
1495 2055 1574 2083 sua
1616 2041 1919 2092 communicat,

147 2125 185 2154 a.
222 2111 334 2153 1559
368 2110 652 2152 Vindobonae
685 2109 902 2152 Canisium
934 2111 1104 2151 secreto
1139 2112 1183 2150 et
1214 2107 1490 2150 iureiurando
1527 2106 1786 2161 interposito
1819 2121 1920 2149 con-

147 2176 251 2219 sulit
283 2175 659 2230 conscientiaeque
700 2174 956 2218 satisfacere
995 2176 1178 2228 paratus
1210 2175 1300 2225 est,
1343 2187 1474 2227 saepe
1515 2186 1592 2227 per
1623 2172 1796 2215 litteras
1829 2171 1922 2214 eius

147 2242 328 2284 consilia
360 2240 571 2295 exquirit,
613 2240 701 2282 filio
734 2239 1035 2282 Elisabetham
1066 2238 1253 2293 Angliae
1285 2238 1481 2292 reginam
1514 2252 1695 2280 uxorem
1737 2238 1921 2280 ducturo

148 2307 336 2360 aliquem
368 2307 420 2348 de
453 2306 673 2349 Societate
715 2305 1027 2348 confessarium
1062 2308 1106 2348 et
1145 2304 1491 2346 contionatorem
1533 2303 1769 2357 adiungere
1811 2304 1920 2346 vult.

148 2373 396 2414 Phauserus
426 2371 714 2414 Maximiliani
741 2371 795 2414 II.
827 2370 1103 2413 contionator
1133 2370 1390 2413 lutheranus
1420 2369 1691 2420 Vindobona,
1724 2368 1922 2412 Balticus

147 2437 453 2491 ludimagister
469 2439 720 2492 protestans
737 2435 967 2478 Monachio
985 2435 1289 2478 amandantur.
1322 2433 1648 2489 Archiepiscopi
1671 2436 1716 2476 et
1733 2433 1923 2488 episcopi

147 2503 353 2556 insignes,
387 2503 523 2546 veluti
557 2503 662 2546 Otto
696 2502 933 2544 Truchsess
966 2503 1250 2555 augustanus,
1289 2499 1534 2542 Stanislaus
1565 2498 1728 2541 Hosius
1759 2499 1922 2541 varmi-

149 2569 277 2618 ensis,
300 2568 517 2610 Antonius
534 2568 646 2610 Brus
666 2566 1016 2617 vindobonensis,
1043 2565 1256 2619 Georgius
1273 2565 1576 2607 Drascovitius
1593 2564 1922 2618 quinqueeccle-

149 2633 316 2684 siensis,
349 2634 535 2675 Ioannes
557 2631 858 2675 Przerembski
882 2630 1152 2685 gnesnensis,
1182 2630 1394 2673 Nicolaus
1417 2629 1582 2672 Olahus
1604 2629 1920 2683 strigoniensis,

148 2698 335 2741 Michael
359 2698 548 2752 Helding
569 2697 954 2751 merseburgensis,
988 2711 1040 2739 ac
1062 2696 1313 2739 sacerdotes
1334 2694 1620 2748 monachique
1641 2694 1702 2749 pii
1724 2697 1768 2737 et
1791 2695 1921 2745 docti,

148 2767 198 2808 ut
229 2764 414 2806 Ioannes
448 2764 656 2818 Gmpper,
691 2763 907 2805 Martinus
939 2762 1137 2812 Cromer,
1177 2761 1430 2804 Guilielmus
1462 2760 1705 2811 Lindanus,
1738 2760 1922 2802 Iodocus

150 2830 399 2880 Tiletanus‚
441 2828 699 2871 Franciscus
742 2828 948 2878 Sonnius,
991 2826 1208 2869 Martinus
1247 2825 1500 2875 Rithovius,
1543 2825 1729 2868 Ioannes
1765 2839 1792 2868 a
1824 2825 1922 2877 Via,

148 2895 336 2938 Ioannes
366 2893 496 2936 Fabri
520 2894 568 2937 O.
593 2894 679 2945 Pr.,
712 2893 904 2936 Mathias
927 2892 1174 2947 Cythardus
1197 2891 1246 2934 Ο.
1270 2892 1356 2942 Pr.,
1390 2891 1753 2934 Bartholomaeus
1774 2890 1922 2933 Klein-

150 2960 294 3003 dienst
327 2959 376 3003 Ο.
409 2959 501 3011 Pr.,
533 2959 719 3001 Ioannes
753 2957 1035 3001 Gressenicus
1068 2957 1117 3000 O.
1151 2958 1242 3008 Pr.,
1276 2955 1570 3010 Wolfgangus
1603 2956 1924 2999 Schmidlkofer

152 3025 201 3068 Ο.
234 3025 338 3067 Min.
373 3024 497 3075 Obs.‚
538 3024 833 3078 Wolfgangus
875 3021 1071 3066 Sedelius
1104 3022 1153 3065 Ο.
1188 3023 1230 3065 S.
1263 3022 1338 3073 B.,
1380 3021 1476 3073 alii,
1518 3021 1688 3064 Canisio
1731 3021 1923 3064 amicitia

148 3090 297 3141 iuncti,
331 3089 509 3145 pietatis
542 3089 766 3144 exemplis,
801 3088 1084 3139 contionibus,
1118 3087 1239 3130 libris
1271 3086 1499 3130 ecclesiam
1520 3087 1746 3142 praeclare
1772 3086 1922 3129 defen-

151 3156 260 3199 dunt
290 3158 422 3209 atque
454 3154 690 3198 illustrant.
