2142 3455
240 158 295 197 ἵζω
819 155 897 188 226.
935 154 1101 189 Canis-ius
1128 155 1255 189 Iacobo
1284 156 1416 191 Lainio.

239 271 550 325 Gymnasiuml
576 275 749 325 praeter
768 272 1070 326 Friburgense‚
1094 273 1350 324 Viennense,
1376 274 1823 327 et111golstadiense2.
1859 277 2005 320 Vincit

239 340 384 378 autem
427 336 636 391 primum,
682 339 729 379 ut
771 337 923 387 audio,
972 338 1164 391 Regique
1207 341 1355 381 nostro
1397 340 1638 382 subiectum
1679 344 1771 391 est,
1818 345 1866 385 ut
1907 342 2005 384 hinc

238 417 276 456 p.
312 401 514 443 Claudius
530 404 545 429 ³
586 401 682 456 piae
716 402 949 445 memoriae
982 418 1065 445 non
1108 404 1242 445 semel
1275 404 1438 458 optarit
1452 409 1486 453 ²¹,
1531 406 1644 459 apud
1677 406 2002 460 Friburgenses‚

239 467 309 519 qui
352 467 550 509 Basileae
591 467 718 509 vicini
760 470 861 510 sunt
877 469 905 519 4,
949 470 1122 510 nostros
1164 468 1295 511 etiam
1337 470 1606 512 commorari.
1676 471 1910 515 Pollicetur
1949 473 2005 515 ad

239 532 349 573 hanc
383 546 471 574 rem
506 532 687 574 multum
722 532 885 574 fauoris
918 536 961 575 et
994 533 1170 575 subsidii
1205 534 1414 575 Dominus
1446 534 1838 579 Vicecancellarius
1871 537 2005 591 Regis

239 597 402 639 Doctor
424 597 565 639 Ionas.
621 598 746 639 Unde
778 612 863 640 non
895 598 999 640 mihi
1026 599 1286 652 negligenda
1320 599 1492 642 videtur
1524 600 1691 643 isthaec
1714 603 1895 653 occasio,
1929 603 2006 644 sed

239 661 485 716 arripienda
528 663 699 712 statim,
744 667 791 705 ut
828 663 863 704 si
897 677 951 705 ex
984 664 1177 706 Comitiis
1218 664 1312 707 istis
1355 665 1529 707 euolare
1569 666 1700 709 liceat
1741 667 2006 711 assentiente

239 727 380 780 Rege,
417 728 502 770 iter
533 742 613 781 ego
647 728 935 781 Argentinam
968 729 1187 782 ingrediar
1219 730 1326 772 duce
1359 730 1542 773 Christo.
1607 731 1747 774 Audio
1779 733 2004 786 pecuniam

237 792 340 833 mihi
379 793 542 835 Romae
584 794 895 836 numerandam
937 794 1092 845 fuisse,
1135 794 1171 836 si
1212 809 1324 837 nunc
1365 796 1667 844 accessissem,
1710 799 1758 839 ut
1799 797 2005 841 viaticum

239 860 356 900 esset
373 858 659 912 Argentinam
682 859 781 901 inde
804 863 925 902 recta
947 860 1251 914 proficiscenti.
1286 861 1513 904 Caeterum
1532 861 1639 904 haec
1661 862 1802 905 indico
1819 866 2004 914 tantum,

238 922 435 965 facturus
468 927 516 966 ut
547 939 627 978 par
659 927 739 975 est,
774 925 917 967 onmia
949 940 1004 967 ex
1038 926 1294 969 obedientia.

359 990 543 1044 Reliqua
575 1006 629 1033 ex
662 991 800 1034 literis
833 992 878 1034 P.
912 992 1064 1046 Lanoy
1097 996 1427 1046 cognoscentur.

360 1056 442 1098 Hic
474 1056 658 1110 primum
692 1057 947 1107 audivimus,
982 1057 1027 1100 P.
1053 1057 1347 1100 Schorichium
1370 1059 1583 1101 Viennam
1616 1061 1843 1103 remissum
1869 1075 1964 1104 esse
1977 1063 2006 1113 5,

240 1135 366 1174 quem
402 1121 567 1164 utinam
599 1122 641 1163 in
674 1122 829 1164 itinere
862 1125 1160 1164 occurrentem
1194 1123 1341 1166 videre
1374 1124 1578 1168 licuisset.
1641 1126 1762 1169 Illius
1792 1126 2008 1169 adventus

239 1189 288 1228 ut
321 1186 391 1227 diu
425 1189 614 1240 optatus,
648 1187 711 1229 ita
743 1187 890 1230 multis
914 1190 958 1229 et
980 1187 1090 1240 Regi
1118 1202 1287 1241 quoque
1309 1203 1394 1231 non
1427 1193 1572 1244 potest
1605 1205 1689 1233 non
1721 1195 1874 1245 gratus
1897 1206 2005 1242 esse,

238 1252 399 1294 nostris
432 1256 577 1295 autem
612 1267 696 1294 non
729 1252 869 1294 minus
903 1253 1033 1295 etiam
1059 1253 1253 1296 Viennae
1287 1255 1548 1298 commodus.
1605 1256 1758 1299 Studia
1790 1258 1917 1299 credo
1944 1257 2006 1299 illi

238 1317 413 1359 minime
445 1317 674 1371 placitura,
709 1317 800 1360 siue
832 1318 1018 1372 publica,
1053 1333 1163 1372 quae
1196 1333 1236 1373 p.
1273 1320 1481 1362 Goudano
1514 1321 1643 1363 valde
1675 1322 1860 1365 molesta
1891 1325 2005 1373 sunt,

239 1382 339 1435 quia
371 1382 629 1436 infrugifera
662 1383 886 1434 videntur,
929 1386 974 1426 et
1007 1384 1060 1426 ob
1092 1383 1226 1438 Regis
1257 1387 1405 1427 tamen
1438 1386 1711 1430 voluntatem
1741 1387 1905 1441 negligi
1939 1385 2006 1442 [a]

239 1448 362 1490 nobis
395 1451 615 1502 nequeunt
631 1450 658 1498 6,
703 1449 794 1491 siue
837 1449 1098 1500 domestica,
1142 1464 1252 1503 quae
1294 1452 1448 1493 mirum
1491 1452 1631 1494 estin
1664 1455 1788 1496 tanto
1829 1467 2006 1495 numero

238 1516 486 1556 nostrorum
517 1514 580 1557 ita
611 1514 784 1568 frigere.
834 1515 880 1558 P.
904 1515 1108 1569 Lanoyus
1140 1530 1316 1558 causam
1343 1517 1497 1560 tribuit
1518 1517 1692 1560 scholae
1715 1521 1760 1561 et
1781 1518 2006 1569 classibus,

238 1592 351 1632 quae
384 1593 469 1621 non
501 1579 647 1622 sinant
688 1583 861 1622 nostros
903 1580 1149 1633 quiescere,
1192 1584 1237 1624 et
1277 1582 1413 1624 bonos
1454 1582 1586 1625 etiam
1624 1586 1932 1638 praeceptores
1963 1583 2007 1625 in

238 1643 418 1686 aedibus
463 1644 711 1688 desiderari.
777 1646 914 1688 Novit
957 1646 1038 1688 hac
1083 1647 1135 1688 de
1176 1660 1223 1689 re
1264 1661 1304 1701 p.
1348 1647 1542 1690 Erardus
1583 1648 1619 1690 si
1660 1651 1840 1702 rogetur
1880 1648 2006 1691 testi-

238 1709 428 1751 monium
452 1711 579 1753 edere
598 1711 627 1753 ⁷.
678 1711 856 1765 Semper
888 1725 969 1764 ego
993 1712 1230 1766 deploravi,
1263 1715 1354 1755 tam
1387 1713 1547 1755 multos
1570 1713 1765 1756 Viennae
1786 1714 1830 1755 in
1852 1713 2006 1756 studiis

238 1775 407 1817 versari
430 1775 522 1818 sine
544 1776 742 1830 profectu
765 1776 1001 1827 doctrinae,
1035 1779 1080 1819 et
1111 1777 1238 1819 credo
1261 1792 1340 1832 per
1360 1793 1400 1832 p.
1427 1778 1721 1821 Schorichium
1744 1779 2007 1834 deprehendi

238 1855 366 1894 posse
400 1855 587 1891 causam,
623 1841 867 1896 corrigique
899 1843 1108 1894 morbum,
1143 1846 1191 1886 ut
1223 1857 1309 1885 non
1331 1857 1503 1898 semper
1527 1858 1705 1887 necesse
1737 1845 1808 1896 sit,
1840 1845 2006 1899 pleros-

237 1919 320 1959 que
343 1906 524 1948 Romam
548 1907 797 1958 amandare,
821 1907 934 1950 sicut
957 1922 1087 1962 saepe
1110 1908 1268 1951 curiosi
1289 1923 1443 1951 vereor
1464 1909 1609 1964 potius
1632 1924 1759 1964 quam
1784 1910 2006 1965 sapientes

239 1985 263 2013 e
296 1972 457 2014 nostris
489 1972 682 2014 nonnulli
715 1975 882 2027 petunt,
918 1971 987 2016 et¹'
1020 1975 1175 2028 optant
1207 1976 1539 2028 expectantque.

358 2037 550 2079 Adiunxi
582 2040 813 2093 praeterea
845 2038 1075 2093 epistolam
1108 2039 1160 2082 D.
1194 2039 1246 2082 D.
1281 2039 1525 2091 Lucretiiss,
1561 2054 1688 2094 quem
1720 2041 1853 2094 probe
1884 2040 2008 2082 novit

239 2103 289 2145 R.
324 2117 364 2157 p.
390 2103 628 2155 Sahneron,
664 2104 716 2146 de
748 2105 878 2146 rebus
901 2104 1134 2146 Societatis
1166 2107 1356 2155 nostrae,
1389 2119 1526 2159 nuper
1552 2105 1712 2148 editam
1735 2105 2004 2159 Ingolstadii.

238 2168 432 2223 Attingit
464 2169 601 2212 vitam
635 2184 805 2223 quoque
836 2169 955 2212 beati
986 2169 1125 2224 patris
1156 2170 1338 2223 Ignatii,
1385 2170 1589 2224 dabitque
1621 2171 1823 2213 fortassis
1856 2185 2006 2213 ansam

239 2234 485 2288 explicandi
517 2235 643 2289 plura
674 2235 718 2278 in
748 2249 798 2278 eo
822 2235 997 2290 scripto,
1032 2235 1146 2288 quod
1169 2235 1334 2278 Romae
1357 2235 1515 2290 parari,
1550 2239 1595 2279 et
1616 2235 1867 2290 propediem
1888 2235 2006 2290 typis

237 2299 487 2342 domesticis
529 2301 828 2343 excudendum
871 2315 967 2343 esse
1009 2301 1062 2342 de
1102 2303 1199 2343 tota
1237 2301 1431 2355 ejusdem
1462 2301 1607 2344 Patris
1638 2301 1777 2343 felicis
1809 2301 2004 2351 historia,

237 2365 518 2419 perlubenter
558 2366 803 2409 audivimus
820 2367 848 2409 9.
913 2366 1054 2408 Valde
1087 2380 1216 2420 rogo,
1260 2369 1309 2409 ut
1342 2380 1505 2409 excusa
1538 2367 1751 2420 quaedam
1784 2366 1876 2408 eius
1908 2366 2005 2408 libri

237 2431 507 2485 exemplaria
548 2431 865 2487 quamprimum
908 2432 963 2474 ad
1004 2446 1072 2474 me
1105 2431 1410 2483 Ratisbonam,
1453 2431 1524 2474 vel
1566 2431 1622 2474 ad
1653 2434 1827 2475 nostros
1859 2432 2005 2485 Ingol-

358 2566 371 2580 3
400 2560 541 2606 optavit
567 2572 689 2605 apofflz
836 2560 850 2579 ¹⁷
874 2562 914 2594 ut
940 2571 1065 2604 apoyr.

361 2674 370 2693 ¹
402 2672 723 2715 „Universitates“‚
750 2683 841 2716 quas
866 2683 961 2706 nunc
986 2683 1168 2713 vocamus,
1197 2671 1364 2706 Canisius
1389 2670 1581 2714 significat.

357 2727 371 2747 2
397 2726 527 2760 Mirum
567 2725 749 2760 Canisium
793 2725 1057 2759 academiarum
1102 2724 1316 2759 coloniensis
1359 2726 1396 2758 et
1433 2723 1638 2767 dilinganae
1676 2723 1734 2758 hic
1778 2735 1848 2758 non
1885 2723 2006 2758 facere

238 2780 465 2814 mentionem.

359 2835 371 2854 ³
397 2833 503 2867 laius.
649 2833 661 2853 ‘¹
688 2831 833 2866 Basilea
858 2831 1168 2877 propugnaculum
1194 2831 1372 2875 quoddam
1398 2831 1475 2864 erat
1501 2829 1799 2875 protestantismi.

359 2888 372 2907 ⁵
397 2886 466 2920 Hic
492 2897 522 2920 a.
552 2885 642 2920 1553
668 2885 880 2920 Vindobona
906 2885 1055 2919 Romam
1081 2886 1233 2919 venerat
1261 2884 1419 2928 (Canisii
1443 2883 1630 2928 Epistulae
1657 2884 1683 2925 I,
1709 2884 1807 2927 505).

359 2941 371 2959 ⁰
398 2940 437 2974 P.
464 2939 633 2974 Nicolaus
651 2939 776 2980 Floris,
803 2938 913 2982 vulgo
941 2938 1146 2979 Goudanus,
1173 2938 1209 2972 in
1235 2936 1474 2972 universitate
1500 2936 1758 2972 vindobonensi
1784 2935 2019 2988 theologianr

237 2993 404 3026 tradebat
433 2993 470 3035 (l.
498 3004 527 3027 c.
555 2993 579 3033 I,
607 2993 701 3027 621¹.
730 2992 844 3035 7292).

359 3047 371 3066 ⁷
398 3046 436 3080 P.
464 3045 622 3080 Erardus
648 3046 875 3080 Avantianus
901 3045 935 3079 S.
965 3046 997 3079 J.
1028 3044 1066 3089 (l.
1094 3056 1123 3079 c.
1151 3045 1176 3086 Ι,
1202 3044 1299 3079 4512.
1326 3042 1413 3077 528³
1438 3043 1536 3086 etc.).

360 3101 372 3119 ⁸
399 3100 540 3133 Ioannis
566 3099 705 3134 Alberti
732 3098 1031 3139 Widmanstadii;
1057 3098 1140 3132 vide
1166 3108 1275 3143 supra
1301 3108 1334 3142 p.
1361 3097 1432 3131 24⁴.

360 3154 372 3172 ⁰
398 3153 499 3194 Vide,
527 3164 618 3197 quae
643 3152 728 3187 huic
753 3152 929 3198 epistulae
955 3151 1117 3197 proxime
1142 3150 1374 3186 subicientur.
