2110 3412
724 732 1408 830 PRAEFATIQ

292 971 467 1038 Quibus
501 983 650 1025 diebus
683 982 888 1024 volumen
919 981 1000 1023 hoc
1034 980 1077 1022 in
1119 980 1260 1022 lucem
1302 979 1470 1034 prodit,
1513 979 1733 1021 saeculum
1776 978 1956 1021 tertium

177 1055 231 1098 ab
265 1055 385 1098 obitu
417 1054 543 1097 Beati
567 1053 687 1096 Petri
721 1052 880 1096 Canisii
913 1051 960 1105 (ἦ-
983 1054 1051 1094 21.
1076 1050 1329 1094 Decembris
1354 1052 1486 1103 1597)
1520 1051 1734 1105 expletur.
1789 1049 1955 1092 Notum

178 1130 245 1170 est
277 1140 491 1168 summum
527 1125 777 1180 pontificem
809 1123 1054 1166 LEONEM
1086 1123 1202 1165 XIII.
1238 1123 1290 1164 de
1331 1122 1413 1164 hac
1464 1122 1696 1173 „memoria
1741 1122 1955 1164 saeculari

178 1199 227 1240 B.
262 1197 382 1240 Petri
415 1196 598 1239 Canisii“
636 1197 777 1238 Roma
807 1195 1007 1237 kalendis
1040 1194 1253 1248 Augustis
1286 1208 1324 1236 a.
1363 1195 1473 1236 1897
1509 1194 1563 1236 ad
1607 1192 1956 1247 archiepiscopos

179 1272 223 1312 et
265 1269 490 1324 episcopos
530 1268 760 1318 Austriae,
806 1266 1087 1317 Germaniae,
1131 1266 1435 1308 Helvetiorum
1476 1265 1728 1320 praeclaras
1771 1263 1957 1307 edidisse

178 1341 350 1383 litteras
392 1339 658 1394 encyclicas,
701 1339 744 1380 in
787 1339 942 1392 quibus
975 1338 1192 1380 Canisium
1234 1340 1430 1380 nostrum
1475 1336 1675 1387 „virum
1717 1335 1957 1378 eximiae

180 1412 540 1455 sanctitatis“
590 1414 634 1454 et
680 1410 974 1462 „hominem
1019 1409 1464 1452 sanctissimum“
1514 1411 1645 1462 atque
1692 1408 1958 1459 „alterum

180 1487 306 1539 post
327 1483 680 1526 Bonifacium
706 1481 1037 1524 Germaniae
1061 1482 1414 1535 Apostolum“
1443 1494 1602 1522 vocare
1619 1493 1705 1521 non
1725 1479 1955 1522 dubitavit.

180 1554 485 1598 Communibus
504 1567 674 1607 quoque
691 1553 851 1596 litteris
869 1552 1163 1607 pastoralibus
1180 1567 1235 1594 m.
1256 1551 1373 1594 Maio
1391 1565 1429 1594 a.
1452 1552 1563 1593 1897
1585 1550 1699 1592 datis
1715 1550 1958 1593 beatissimi

180 1627 262 1669 viri
279 1625 532 1668 memoriam
550 1625 666 1679 apud
682 1625 833 1667 fideles
851 1639 951 1666 suos
969 1624 1328 1666 instauraverunt
1346 1622 1536 1677 episcopi
1554 1621 1956 1665 Confoederationis

179 1697 435 1748 helveticae,
460 1697 503 1738 in
527 1711 613 1750 qua
633 1699 754 1739 terra
775 1695 848 1738 ille
870 1697 1114 1750 postremos
1134 1696 1186 1737 17
1211 1694 1331 1737 vitae
1353 1708 1490 1737 annos
1514 1693 1663 1747 exegit
1685 1707 1956 1748 supremum-

181 1783 264 1823 que
297 1769 410 1810 diem
443 1768 562 1811 obiit.
623 1767 759 1809 Iidem
791 1766 982 1821 episcopi
1013 1766 1214 1820 Friburgi
1249 1766 1564 1816 Helvetiorum,
1599 1779 1709 1818 quae
1742 1765 1844 1806 urbs
1877 1765 1957 1807 Ca-

181 1840 278 1883 nisii
311 1840 556 1895 sepulcrum
598 1853 645 1881 se
686 1839 847 1881 habere
888 1838 1123 1892 gloriatur,
1169 1837 1425 1891 congregati
1468 1839 1592 1888 sunt,
1636 1851 1719 1890 quo
1760 1839 1957 1891 tempore

181 1915 363 1966 quartus
405 1911 630 1953 doctorum
673 1909 983 1952 catholicorum
1034 1923 1318 1963 „congressus
1367 1907 1744 1951 internationalis“
1799 1907 1956 1949 ibidem

180 1983 356 2026 habitus
389 1983 622 2024 sollemnes
654 1981 830 2023 honoris
862 1980 1203 2034 significationes
1226 1980 1364 2023 Beato
1388 1980 1518 2022 Petro
1542 1978 1712 2022 Canisio
1747 1979 1956 2022 exhibuit.

180 2055 257 2097 Cui
290 2054 376 2097 alia
409 2068 579 2107 quoque
611 2054 750 2096 multa
783 2053 860 2094 sub
893 2052 1006 2096 idem
1039 2055 1211 2106 tempus
1245 2051 1389 2094 officia
1422 2050 1714 2104 obsequiaque
1737 2050 1808 2105 pia
1831 2064 1958 2105 prae-

179 2126 285 2169 stita
318 2127 441 2168 sunt:
475 2125 545 2167 Ex
576 2124 774 2179 plurimis
796 2124 1028 2166 Helvetiae
1059 2124 1198 2178 pagis,
1233 2127 1365 2177 atque
1398 2123 1529 2166 etiam
1563 2137 1618 2164 ex
1649 2122 1883 2165 Germania
1915 2124 1960 2164 et

177 2197 446 2240 Neerlandia
486 2196 584 2251 piae
627 2195 1002 2251 peregrinationes
1035 2222 1093 2225 -—
1134 2194 1406 2249 indulgentia
1447 2194 1643 2249 plenaria
1683 2194 1823 2236 instar
1870 2193 1958 2244 „iu-

176 2269 329 2312 bilaei“
370 2283 395 2311 a
427 2269 531 2310 sede
564 2268 805 2322 apostolica
838 2267 986 2309 oblata
1018 2292 1075 2295 —
1109 2267 1162 2309 ad
1196 2266 1355 2309 Canisii
1396 2266 1632 2316 tumulum,
1676 2265 1876 2319 Friburgi
1914 2265 1959 2306 in

177 2341 342 2395 templo
376 2339 518 2382 sancti
541 2339 766 2382 Michaelis
798 2338 1001 2393 positum,
1036 2338 1280 2390 institutae,
1315 2337 1469 2392 quibus
1502 2337 1642 2380 multa
1673 2336 1792 2379 milia
1823 2336 1959 2379 inter-

177 2415 304 2455 erant
334 2411 568 2454 hominum.
614 2411 726 2453 Tota
758 2409 1003 2464 respublica
1034 2408 1345 2463 friburgensis,
1388 2407 1750 2450 reverendissimo
1784 2409 1829 2449 et
1860 2407 1958 2449 illu-

179 2483 394 2527 strissimo
428 2482 599 2525 domino
632 2481 870 2536 Iosepho
904 2482 1140 2537 Deruaz,
1184 2479 1385 2534 episcopo
1427 2478 1708 2521 lausannensi
1749 2481 1794 2520 et
1826 2492 1958 2531 gene-

178 2555 323 2605 vensi,
367 2556 499 2608 atque
541 2553 738 2596 omnibus
780 2551 1111 2607 magistratibus
1154 2554 1198 2594 et
1231 2550 1538 2593 ecclesiasticis
1572 2552 1616 2592 et
1649 2549 1848 2592 civilibus
1881 2549 1958 2592 ad-

178 2626 411 2676 stantibus,
445 2625 715 2668 sollemniter
736 2625 876 2666 Beato
898 2624 1030 2666 Petro
1054 2623 1225 2665 Canisio
1250 2611 1518 2665 consecrata.
1559 2621 1764 2663 Eiusdem
1787 2635 1959 2663 sacrum

179 2711 334 2752 corpus
368 2696 628 2751 compluries
661 2710 716 2738 ex
758 2695 888 2739 altari
930 2695 1235 2749 depromptum
1275 2694 1480 2746 laetaque
1522 2706 1681 2747 pompa
1721 2706 1800 2747 per
1839 2691 1958 2734 urbis

178 2769 351 2824 plateas
384 2768 589 2811 delatum.
653 2767 805 2810 Multis
837 2780 1007 2820 quoque
1040 2766 1136 2808 aliis
1168 2765 1275 2808 locis
1308 2764 1467 2807 Canisii
1499 2778 1658 2806 nomen
1691 2764 1957 2806 celebratum

179 2843 269 2891 est,
313 2839 385 2882 vel
416 2839 614 2881 fidelibus
646 2853 724 2893 per
755 2837 1142 2880 reverendissimos
1175 2836 1402 2891 episcopos
1435 2836 1487 2878 ad
1520 2838 1694 2878 tantum
1725 2838 1959 2890 patronum

180 2911 407 2954 colendum
448 2913 493 2953 et
532 2910 820 2952 invocandum
853 2908 1059 2951 excitatis
1096 2908 1164 2961 (ut
1194 2906 1581 2950 reverendissimus
1614 2907 1665 2950 D.
1700 2907 1764 2948 Dr
1797 2907 1958 2949 Paulus

180 2982 426 3037 Leopoldus
458 2982 654 3031 Haffner,
688 2980 915 3035 episcopus
946 2979 1243 3033 moguntinus,
1277 2978 1506 3033 Moguntia
1535 2980 1602 3021 15.
1627 2978 1818 3032 Augusti
1844 2979 1954 3020 1897

184 3067 236 3096 ea
268 3053 321 3095 de
352 3067 400 3094 re
433 3051 577 3095 emisit
607 3051 781 3094 litteras
814 3050 1090 3106 pastorales),
1124 3051 1194 3092 vel
1227 3050 1514 3092 conventibus
1545 3050 1739 3091 virorum
1773 3048 1956 3091 catholi-

183 3138 329 3167 corum
363 3123 416 3166 ad
450 3123 531 3165 hoc
561 3122 748 3174 indictis,
782 3122 853 3165 vel
886 3121 997 3164 ludis
1026 3121 1208 3164 scenicis
1232 3121 1559 3175 actionibusque
1581 3119 1755 3162 musicis
1777 3119 1951 3171 habitis,
