<?xml version="1.0" encoding="UTF-8"?>
<!DOCTYPE html PUBLIC "-//W3C//DTD XHTML 1.0 Transitional//EN"
    "http://www.w3.org/TR/xhtml1/DTD/xhtml1-transitional.dtd">
<html xmlns="http://www.w3.org/1999/xhtml" xml:lang="en" lang="en">
 <head>
  <title>
</title>
<meta http-equiv="Content-Type" content="text/html;charset=utf-8" />
  <meta name='ocr-system' content='tesseract 3.04.00' />
  <meta name='ocr-capabilities' content='ocr_page ocr_carea ocr_par ocr_line ocrx_word'/>
</head>
<body>
  <div class='ocr_page' id='page_1' title='image "beatipetricanisi02cani_0612.png"; bbox 0 0 2142 3455; ppageno 0'>
   <div class='ocr_carea' id='block_1_1' title="bbox 205 172 1428 217">
    <p class='ocr_par' dir='ltr' id='par_1_1' title="bbox 205 172 1428 217">
     <span class='ocr_line' id='line_1_1' title="bbox 205 172 1428 217; baseline 0 -9"><span class='ocrx_word' id='word_1_1' title='bbox 205 176 290 217; x_wconf 84' lang='lat'>544</span> <span class='ocrx_word' id='word_1_2' title='bbox 734 173 813 208; x_wconf 70' lang='lat'>389.</span> <span class='ocrx_word' id='word_1_3' title='bbox 850 173 1000 207; x_wconf 89' lang='lat' dir='ltr'>Ioannes</span> <span class='ocrx_word' id='word_1_4' title='bbox 1026 172 1069 207; x_wconf 87' lang='lat' dir='ltr'>de</span> <span class='ocrx_word' id='word_1_5' title='bbox 1096 172 1249 208; x_wconf 86' lang='lat' dir='ltr'>Polanco</span> <span class='ocrx_word' id='word_1_6' title='bbox 1276 173 1428 209; x_wconf 87' lang='lat' dir='ltr'>Canisio.</span> 
     </span>
    </p>
   </div>
   <div class='ocr_carea' id='block_1_2' title="bbox 203 288 1974 986">
    <p class='ocr_par' dir='ltr' id='par_1_2' title="bbox 203 288 1970 537">
     <span class='ocr_line' id='line_1_2' title="bbox 203 288 1969 339; baseline 0.001 -6"><span class='ocrx_word' id='word_1_7' title='bbox 203 305 287 333; x_wconf 90' lang='lat' dir='ltr'>non</span> <span class='ocrx_word' id='word_1_8' title='bbox 321 290 504 332; x_wconf 87' lang='lat' dir='ltr'>defendo</span> <span class='ocrx_word' id='word_1_9' title='bbox 536 303 677 331; x_wconf 86' lang='lat' dir='ltr'>meam</span> <span class='ocrx_word' id='word_1_10' title='bbox 709 289 776 331; x_wconf 90' lang='lat' dir='ltr'>hic</span> <span class='ocrx_word' id='word_1_11' title='bbox 809 288 1084 339; x_wconf 73' lang='lat' dir='ltr'>sententiam,</span> <span class='ocrx_word' id='word_1_12' title='bbox 1119 291 1163 331; x_wconf 93' lang='lat' dir='ltr'>et</span> <span class='ocrx_word' id='word_1_13' title='bbox 1188 289 1277 331; x_wconf 90' lang='lat' dir='ltr'>scio</span> <span class='ocrx_word' id='word_1_14' title='bbox 1309 304 1377 332; x_wconf 89' lang='lat' dir='ltr'>me</span> <span class='ocrx_word' id='word_1_15' title='bbox 1400 290 1539 332; x_wconf 91' lang='lat' dir='ltr'>alieno</span> <span class='ocrx_word' id='word_1_16' title='bbox 1573 291 1787 334; x_wconf 86' lang='lat' dir='ltr'>arbitratu</span> <span class='ocrx_word' id='word_1_17' title='bbox 1819 291 1969 335; x_wconf 88' lang='lat' dir='ltr'>vivere</span> 
     </span>
     <span class='ocr_line' id='line_1_3' title="bbox 204 353 1967 411; baseline 0.002 -14"><span class='ocrx_word' id='word_1_18' title='bbox 204 359 418 411; x_wconf 81' lang='lat' dir='ltr'>oportere.</span> <span class='ocrx_word' id='word_1_19' title='bbox 473 355 604 409; x_wconf 88' lang='lat' dir='ltr'>Cupio</span> <span class='ocrx_word' id='word_1_20' title='bbox 628 367 818 396; x_wconf 75' lang='lat' dir='ltr'>errorem</span> <span class='ocrx_word' id='word_1_21' title='bbox 842 353 1111 408; x_wconf 87' lang='lat' dir='ltr'>reprehendi,</span> <span class='ocrx_word' id='word_1_22' title='bbox 1146 356 1190 396; x_wconf 88' lang='lat' dir='ltr'>et</span> <span class='ocrx_word' id='word_1_23' title='bbox 1222 368 1289 396; x_wconf 91' lang='lat' dir='ltr'>me</span> <span class='ocrx_word' id='word_1_24' title='bbox 1321 355 1466 398; x_wconf 88' lang='lat' dir='ltr'>sanari</span> <span class='ocrx_word' id='word_1_25' title='bbox 1495 369 1763 410; x_wconf 90' lang='lat' dir='ltr'>quacumque</span> <span class='ocrx_word' id='word_1_26' title='bbox 1785 357 1967 401; x_wconf 91' lang='lat' dir='ltr'>ratione.</span> 
     </span>
     <span class='ocr_line' id='line_1_4' title="bbox 203 418 1970 475; baseline 0.001 -12"><span class='ocrx_word' id='word_1_27' title='bbox 203 421 412 464; x_wconf 81' lang='lat' dir='ltr'>Dominus</span> <span class='ocrx_word' id='word_1_28' title='bbox 435 424 535 475; x_wconf 70' lang='lat' dir='ltr'>pcr³</span> <span class='ocrx_word' id='word_1_29' title='bbox 557 420 608 462; x_wconf 92' lang='lat' dir='ltr'>V.</span> <span class='ocrx_word' id='word_1_30' title='bbox 634 419 683 461; x_wconf 82' lang='lat' dir='ltr'>R.</span> <span class='ocrx_word' id='word_1_31' title='bbox 708 418 805 460; x_wconf 88' lang='lat' dir='ltr'>huic</span> <span class='ocrx_word' id='word_1_32' title='bbox 827 418 1096 473; x_wconf 89' lang='lat' dir='ltr'>ineptissimo</span> <span class='ocrx_word' id='word_1_33' title='bbox 1124 419 1375 473; x_wconf 88' lang='lat' dir='ltr'>provintiali</span> <span class='ocrx_word' id='word_1_34' title='bbox 1406 424 1632 464; x_wconf 77' lang='lat' dir='ltr'>succurrat</span> <span class='ocrx_word' id='word_1_35' title='bbox 1664 424 1795 475; x_wconf 86' lang='lat' dir='ltr'>atque</span> <span class='ocrx_word' id='word_1_36' title='bbox 1827 422 1970 465; x_wconf 90' lang='lat' dir='ltr'>viam</span> 
     </span>
     <span class='ocr_line' id='line_1_5' title="bbox 205 485 706 537; baseline -0.01 -8"><span class='ocrx_word' id='word_1_37' title='bbox 205 489 420 529; x_wconf 80' lang='lat' dir='ltr'>monstret</span> <span class='ocrx_word' id='word_1_38' title='bbox 452 485 706 537; x_wconf 81' lang='lat' dir='ltr'>regiam1.</span> 
     </span>
    </p>

    <p class='ocr_par' dir='ltr' id='par_1_3' title="bbox 203 547 1974 986">
     <span class='ocr_line' id='line_1_6' title="bbox 325 547 1969 605; baseline 0.001 -12"><span class='ocrx_word' id='word_1_39' title='bbox 325 550 505 605; x_wconf 75' lang='lat' dir='ltr'>Scripsit</span> <span class='ocrx_word' id='word_1_40' title='bbox 537 563 592 591; x_wconf 82' lang='lat' dir='ltr'>ex</span> <span class='ocrx_word' id='word_1_41' title='bbox 623 547 851 590; x_wconf 84' lang='lat' dir='ltr'>Monachio</span> <span class='ocrx_word' id='word_1_42' title='bbox 884 548 930 591; x_wconf 92' lang='lat' dir='ltr'>P.</span> <span class='ocrx_word' id='word_1_43' title='bbox 964 548 1166 600; x_wconf 87' lang='lat' dir='ltr'>Lanoius,</span> <span class='ocrx_word' id='word_1_44' title='bbox 1199 548 1322 591; x_wconf 87' lang='lat' dir='ltr'>brevi</span> <span class='ocrx_word' id='word_1_45' title='bbox 1355 549 1598 593; x_wconf 86' lang='lat' dir='ltr'>absolutum</span> <span class='ocrx_word' id='word_1_46' title='bbox 1630 551 1683 593; x_wconf 89' lang='lat' dir='ltr'>iri</span> <span class='ocrx_word' id='word_1_47' title='bbox 1715 551 1969 602; x_wconf 87' lang='lat' dir='ltr'>aedificium,</span> 
     </span>
     <span class='ocr_line' id='line_1_7' title="bbox 204 613 1972 669; baseline 0 -10"><span class='ocrx_word' id='word_1_48' title='bbox 204 620 376 659; x_wconf 87' lang='lat' dir='ltr'>nostros</span> <span class='ocrx_word' id='word_1_49' title='bbox 420 613 643 669; x_wconf 79' lang='lat' dir='ltr'>expectari</span> <span class='ocrx_word' id='word_1_50' title='bbox 687 616 785 668; x_wconf 89' lang='lat' dir='ltr'>post</span> <span class='ocrx_word' id='word_1_51' title='bbox 825 614 922 656; x_wconf 82' lang='lat' dir='ltr'>Kal.</span> <span class='ocrx_word' id='word_1_52' title='bbox 965 613 1178 657; x_wconf 87' lang='lat' dir='ltr'>Novemb.</span> <span class='ocrx_word' id='word_1_53' title='bbox 1220 614 1391 658; x_wconf 85' lang='lat' dir='ltr'>interea</span> <span class='ocrx_word' id='word_1_54' title='bbox 1431 629 1542 668; x_wconf 88' lang='lat' dir='ltr'>quae</span> <span class='ocrx_word' id='word_1_55' title='bbox 1582 619 1684 659; x_wconf 88' lang='lat' dir='ltr'>sunt</span> <span class='ocrx_word' id='word_1_56' title='bbox 1723 616 1972 659; x_wconf 86' lang='lat' dir='ltr'>necessaria</span> 
     </span>
     <span class='ocr_line' id='line_1_8' title="bbox 203 678 1973 737; baseline 0.001 -14"><span class='ocrx_word' id='word_1_57' title='bbox 203 681 426 737; x_wconf 71' lang='lat' dir='ltr'>proparari</span> <span class='ocrx_word' id='word_1_58' title='bbox 467 680 511 721; x_wconf 86' lang='lat' dir='ltr'>in</span> <span class='ocrx_word' id='word_1_59' title='bbox 552 693 602 721; x_wconf 91' lang='lat' dir='ltr'>eo</span> <span class='ocrx_word' id='word_1_60' title='bbox 644 678 839 733; x_wconf 85' lang='lat' dir='ltr'>collegio.</span> <span class='ocrx_word' id='word_1_61' title='bbox 905 679 989 722; x_wconf 85' lang='lat' dir='ltr'>Sed</span> <span class='ocrx_word' id='word_1_62' title='bbox 1029 679 1152 721; x_wconf 87' lang='lat' dir='ltr'>brevi</span> <span class='ocrx_word' id='word_1_63' title='bbox 1193 679 1340 723; x_wconf 88' lang='lat' dir='ltr'>veniet</span> <span class='ocrx_word' id='word_1_64' title='bbox 1382 680 1437 722; x_wconf 85' lang='lat' dir='ltr'>ad</span> <span class='ocrx_word' id='word_1_65' title='bbox 1478 693 1569 731; x_wconf 87' lang='lat' dir='ltr'>me,</span> <span class='ocrx_word' id='word_1_66' title='bbox 1612 694 1663 723; x_wconf 87' lang='lat' dir='ltr'>ac</span> <span class='ocrx_word' id='word_1_67' title='bbox 1704 681 1756 724; x_wconf 89' lang='lat' dir='ltr'>de</span> <span class='ocrx_word' id='word_1_68' title='bbox 1796 696 1844 725; x_wconf 89' lang='lat' dir='ltr'>re</span> <span class='ocrx_word' id='word_1_69' title='bbox 1876 685 1973 726; x_wconf 84' lang='lat' dir='ltr'>tota</span> 
     </span>
     <span class='ocr_line' id='line_1_9' title="bbox 205 743 1973 801; baseline 0 -12"><span class='ocrx_word' id='word_1_70' title='bbox 205 744 364 789; x_wconf 84' lang='lat' dir='ltr'>semel¹’</span> <span class='ocrx_word' id='word_1_71' title='bbox 406 743 466 799; x_wconf 65' lang='lat' dir='ltr'>[P]</span> <span class='ocrx_word' id='word_1_72' title='bbox 510 743 846 793; x_wconf 82' lang='lat' dir='ltr'>constituemus,</span> <span class='ocrx_word' id='word_1_73' title='bbox 888 743 1025 799; x_wconf 86' lang='lat' dir='ltr'>adjuti</span> <span class='ocrx_word' id='word_1_74' title='bbox 1066 744 1266 799; x_wconf 87' lang='lat' dir='ltr'>precibus</span> <span class='ocrx_word' id='word_1_75' title='bbox 1301 745 1351 788; x_wconf 81' lang='lat' dir='ltr'>R.</span> <span class='ocrx_word' id='word_1_76' title='bbox 1385 745 1438 788; x_wconf 90' lang='lat' dir='ltr'>V.</span> <span class='ocrx_word' id='word_1_77' title='bbox 1479 745 1632 799; x_wconf 86' lang='lat' dir='ltr'>quibus</span> <span class='ocrx_word' id='word_1_78' title='bbox 1671 746 1866 801; x_wconf 88' lang='lat' dir='ltr'>profecto</span> <span class='ocrx_word' id='word_1_79' title='bbox 1908 747 1973 789; x_wconf 93' lang='lat' dir='ltr'>in-</span> 
     </span>
     <span class='ocr_line' id='line_1_10' title="bbox 207 809 1974 865; baseline 0.001 -11"><span class='ocrx_word' id='word_1_80' title='bbox 207 812 415 865; x_wconf 82' lang='lat' dir='ltr'>digemus,</span> <span class='ocrx_word' id='word_1_81' title='bbox 480 809 689 851; x_wconf 88' lang='lat' dir='ltr'>Dominus</span> <span class='ocrx_word' id='word_1_82' title='bbox 722 809 886 852; x_wconf 90' lang='lat' dir='ltr'>IESVS</span> <span class='ocrx_word' id='word_1_83' title='bbox 918 809 962 851; x_wconf 91' lang='lat' dir='ltr'>in</span> <span class='ocrx_word' id='word_1_84' title='bbox 994 824 1118 852; x_wconf 90' lang='lat' dir='ltr'>suam</span> <span class='ocrx_word' id='word_1_85' title='bbox 1150 809 1335 863; x_wconf 82' lang='lat' dir='ltr'>gloriam</span> <span class='ocrx_word' id='word_1_86' title='bbox 1367 824 1446 853; x_wconf 89' lang='lat' dir='ltr'>nos</span> <span class='ocrx_word' id='word_1_87' title='bbox 1479 813 1729 863; x_wconf 88' lang='lat' dir='ltr'>conservet,</span> <span class='ocrx_word' id='word_1_88' title='bbox 1769 826 1819 854; x_wconf 88' lang='lat' dir='ltr'>ac</span> <span class='ocrx_word' id='word_1_89' title='bbox 1849 812 1974 855; x_wconf 88' lang='lat' dir='ltr'>brevi</span> 
     </span>
     <span class='ocr_line' id='line_1_11' title="bbox 205 874 1974 931; baseline 0.001 -13"><span class='ocrx_word' id='word_1_90' title='bbox 205 891 283 919; x_wconf 91' lang='lat' dir='ltr'>nos</span> <span class='ocrx_word' id='word_1_91' title='bbox 316 876 470 918; x_wconf 87' lang='lat' dir='ltr'>liberet</span> <span class='ocrx_word' id='word_1_92' title='bbox 501 874 582 917; x_wconf 86' lang='lat' dir='ltr'>hac</span> <span class='ocrx_word' id='word_1_93' title='bbox 614 878 705 917; x_wconf 87' lang='lat' dir='ltr'>tam</span> <span class='ocrx_word' id='word_1_94' title='bbox 738 875 869 917; x_wconf 83' lang='lat' dir='ltr'>anxia</span> <span class='ocrx_word' id='word_1_95' title='bbox 892 874 1114 918; x_wconf 86' lang='lat' dir='ltr'>Pontificis</span> <span class='ocrx_word' id='word_1_96' title='bbox 1137 878 1181 918; x_wconf 89' lang='lat' dir='ltr'>et</span> <span class='ocrx_word' id='word_1_97' title='bbox 1204 875 1371 918; x_wconf 87' lang='lat' dir='ltr'>diutina</span> <span class='ocrx_word' id='word_1_98' title='bbox 1403 875 1721 930; x_wconf 83' lang='lat' dir='ltr'>expectatione.</span> <span class='ocrx_word' id='word_1_99' title='bbox 1774 876 1974 931; x_wconf 86' lang='lat' dir='ltr'>Auguste</span> 
     </span>
     <span class='ocr_line' id='line_1_12' title="bbox 207 940 1913 986; baseline 0.001 -3"><span class='ocrx_word' id='word_1_100' title='bbox 207 944 259 984; x_wconf 79' lang='lat'>27</span> <span class='ocrx_word' id='word_1_101' title='bbox 295 941 444 984; x_wconf 88' lang='lat' dir='ltr'>Octob.</span> <span class='ocrx_word' id='word_1_102' title='bbox 483 941 609 983; x_wconf 87' lang='lat'>1559.</span> <span class='ocrx_word' id='word_1_103' title='bbox 1151 941 1312 983; x_wconf 89' lang='lat' dir='ltr'>Servus</span> <span class='ocrx_word' id='word_1_104' title='bbox 1344 940 1388 983; x_wconf 91' lang='lat' dir='ltr'>in</span> <span class='ocrx_word' id='word_1_105' title='bbox 1420 941 1590 985; x_wconf 82' lang='lat' dir='ltr'>Christo</span> <span class='ocrx_word' id='word_1_106' title='bbox 1624 942 1670 985; x_wconf 89' lang='lat' dir='ltr'>P.</span> <span class='ocrx_word' id='word_1_107' title='bbox 1705 941 1913 986; x_wconf 87' lang='lat' dir='ltr'>Canisius.</span> 
     </span>
    </p>
   </div>
   <div class='ocr_carea' id='block_1_3' title="bbox 206 1028 1976 1137">
    <p class='ocr_par' dir='ltr' id='par_1_4' title="bbox 206 1028 1976 1137">
     <span class='ocr_line' id='line_1_13' title="bbox 324 1028 1976 1085; baseline 0.002 -15"><span class='ocrx_word' id='word_1_108' title='bbox 324 1028 516 1071; x_wconf 82' lang='lat' dir='ltr'>Adiunxi</span> <span class='ocrx_word' id='word_1_109' title='bbox 547 1028 701 1071; x_wconf 86' lang='lat' dir='ltr'>literas</span> <span class='ocrx_word' id='word_1_110' title='bbox 722 1029 769 1072; x_wconf 90' lang='lat' dir='ltr'>P.</span> <span class='ocrx_word' id='word_1_111' title='bbox 795 1029 991 1071; x_wconf 82' lang='lat' dir='ltr'>Goudani</span> <span class='ocrx_word' id='word_1_112' title='bbox 1014 1029 1304 1080; x_wconf 85' lang='lat' dir='ltr'>calamitosas,</span> <span class='ocrx_word' id='word_1_113' title='bbox 1338 1029 1504 1073; x_wconf 90' lang='lat' dir='ltr'>utinam</span> <span class='ocrx_word' id='word_1_114' title='bbox 1529 1044 1583 1072; x_wconf 83' lang='lat' dir='ltr'>ex</span> <span class='ocrx_word' id='word_1_115' title='bbox 1605 1030 1767 1073; x_wconf 90' lang='lat' dir='ltr'>nostris</span> <span class='ocrx_word' id='word_1_116' title='bbox 1789 1030 1976 1085; x_wconf 86' lang='lat' dir='ltr'>aliquem</span> 
     </span>
     <span class='ocr_line' id='line_1_14' title="bbox 206 1093 942 1137; baseline 0 0"><span class='ocrx_word' id='word_1_117' title='bbox 206 1095 248 1137; x_wconf 88' lang='lat' dir='ltr'>in</span> <span class='ocrx_word' id='word_1_118' title='bbox 280 1097 407 1137; x_wconf 86' lang='lat' dir='ltr'>tanta</span> <span class='ocrx_word' id='word_1_119' title='bbox 438 1094 704 1137; x_wconf 85' lang='lat' dir='ltr'>necessitate</span> <span class='ocrx_word' id='word_1_120' title='bbox 735 1093 897 1137; x_wconf 88' lang='lat' dir='ltr'>habeat</span> <span class='ocrx_word' id='word_1_121' title='bbox 912 1095 942 1137; x_wconf 78' lang='lat'>2.</span> 
     </span>
    </p>
   </div>
   <div class='ocr_carea' id='block_1_4' title="bbox 206 1159 1975 1280">
    <p class='ocr_par' dir='ltr' id='par_1_5' title="bbox 206 1159 1975 1280">
     <span class='ocr_line' id='line_1_15' title="bbox 324 1159 1975 1216; baseline 0.001 -14"><span class='ocrx_word' id='word_1_122' title='bbox 324 1160 379 1202; x_wconf 89' lang='lat' dir='ltr'>Al</span> <span class='ocrx_word' id='word_1_123' title='bbox 420 1159 554 1203; x_wconf 86' lang='lat' dir='ltr'>molto</span> <span class='ocrx_word' id='word_1_124' title='bbox 596 1159 850 1202; x_wconf 84' lang='lat' dir='ltr'>Reuerendo</span> <span class='ocrx_word' id='word_1_125' title='bbox 891 1159 936 1201; x_wconf 91' lang='lat' dir='ltr'>in</span> <span class='ocrx_word' id='word_1_126' title='bbox 968 1159 1137 1203; x_wconf 84' lang='lat' dir='ltr'>Christo</span> <span class='ocrx_word' id='word_1_127' title='bbox 1178 1160 1313 1215; x_wconf 87' lang='lat' dir='ltr'>padre</span> <span class='ocrx_word' id='word_1_128' title='bbox 1354 1159 1439 1202; x_wconf 89' lang='lat' dir='ltr'>mio</span> <span class='ocrx_word' id='word_1_129' title='bbox 1472 1159 1529 1204; x_wconf 90' lang='lat' dir='ltr'>M.</span> <span class='ocrx_word' id='word_1_130' title='bbox 1565 1159 1770 1203; x_wconf 82' lang='lat' dir='ltr'>Giacomo</span> <span class='ocrx_word' id='word_1_131' title='bbox 1803 1161 1975 1216; x_wconf 87' lang='lat' dir='ltr'>Laynez</span> 
     </span>
     <span class='ocr_line' id='line_1_16' title="bbox 206 1224 1914 1280; baseline 0.001 -12"><span class='ocrx_word' id='word_1_132' title='bbox 206 1224 427 1280; x_wconf 86' lang='lat' dir='ltr'>preposito</span> <span class='ocrx_word' id='word_1_133' title='bbox 460 1225 664 1279; x_wconf 90' lang='lat' dir='ltr'>generale</span> <span class='ocrx_word' id='word_1_134' title='bbox 697 1225 811 1267; x_wconf 84' lang='lat' dir='ltr'>della</span> <span class='ocrx_word' id='word_1_135' title='bbox 843 1224 1109 1280; x_wconf 86' lang='lat' dir='ltr'>Compagnia</span> <span class='ocrx_word' id='word_1_136' title='bbox 1141 1225 1183 1267; x_wconf 88' lang='lat' dir='ltr'>di</span> <span class='ocrx_word' id='word_1_137' title='bbox 1215 1225 1349 1268; x_wconf 91' lang='lat' dir='ltr'>IESV</span> <span class='ocrx_word' id='word_1_138' title='bbox 1674 1226 1730 1268; x_wconf 81' lang='lat' dir='ltr'>Jn</span> <span class='ocrx_word' id='word_1_139' title='bbox 1762 1226 1914 1269; x_wconf 90' lang='lat' dir='ltr'>Roma.</span> 
     </span>
    </p>
   </div>
   <div class='ocr_carea' id='block_1_5' title="bbox 328 1311 1621 1357">
    <p class='ocr_par' dir='ltr' id='par_1_6' title="bbox 328 1311 1621 1357">
     <span class='ocr_line' id='line_1_17' title="bbox 328 1311 1621 1357; baseline 0.002 -11"><span class='ocrx_word' id='word_1_140' title='bbox 328 1312 474 1346; x_wconf 84' lang='lat' dir='ltr'>Lainius</span> <span class='ocrx_word' id='word_1_141' title='bbox 501 1311 643 1346; x_wconf 84' lang='lat' dir='ltr'>Canisio</span> <span class='ocrx_word' id='word_1_142' title='bbox 670 1323 733 1357; x_wconf 89' lang='lat' dir='ltr'>per</span> <span class='ocrx_word' id='word_1_143' title='bbox 758 1311 954 1346; x_wconf 88' lang='lat' dir='ltr'>Polancum</span> <span class='ocrx_word' id='word_1_144' title='bbox 980 1311 1169 1357; x_wconf 86' lang='lat' dir='ltr'>rescripsit</span> <span class='ocrx_word' id='word_1_145' title='bbox 1195 1312 1249 1347; x_wconf 82' lang='lat'>18.</span> <span class='ocrx_word' id='word_1_146' title='bbox 1275 1312 1491 1348; x_wconf 84' lang='lat' dir='ltr'>Novembris</span> <span class='ocrx_word' id='word_1_147' title='bbox 1519 1313 1621 1348; x_wconf 83' lang='lat'>1559.</span> 
     </span>
    </p>
   </div>
   <div class='ocr_carea' id='block_1_6' title="bbox 625 1442 1563 1588">
    <p class='ocr_par' dir='ltr' id='par_1_7' title="bbox 625 1442 1563 1588">
     <span class='ocr_line' id='line_1_18' title="bbox 1029 1442 1159 1484; baseline 0.008 -1"><span class='ocrx_word' id='word_1_148' title='bbox 1029 1442 1159 1484; x_wconf 77' lang='lat'>389.</span> 
     </span>
     <span class='ocr_line' id='line_1_19' title="bbox 625 1533 1563 1588; baseline 0 -10"><span class='ocrx_word' id='word_1_149' title='bbox 625 1535 690 1578; x_wconf 88' lang='lat' dir='ltr'>P.</span> <span class='ocrx_word' id='word_1_150' title='bbox 722 1534 1041 1578; x_wconf 72' lang='lat' dir='ltr'>IOANNES</span> <span class='ocrx_word' id='word_1_151' title='bbox 1073 1534 1171 1577; x_wconf 80' lang='lat' dir='ltr'>DE</span> <span class='ocrx_word' id='word_1_152' title='bbox 1204 1533 1563 1588; x_wconf 67' lang='lat' dir='ltr'>POLANGQ</span> 
     </span>
    </p>
   </div>
   <div class='ocr_carea' id='block_1_7' title="bbox 819 1620 1375 1664">
    <p class='ocr_par' dir='ltr' id='par_1_8' title="bbox 819 1620 1375 1664">
     <span class='ocr_line' id='line_1_20' title="bbox 819 1620 1375 1664; baseline -0.002 -8"><span class='ocrx_word' id='word_1_153' title='bbox 819 1621 1039 1656; x_wconf 84' lang='lat' dir='ltr'>secretarius</span> <span class='ocrx_word' id='word_1_154' title='bbox 1066 1620 1257 1656; x_wconf 85' lang='lat' dir='ltr'>Societatis</span> <span class='ocrx_word' id='word_1_155' title='bbox 1282 1621 1375 1664; x_wconf 88' lang='lat' dir='ltr'>Iesu,</span> 
     </span>
    </p>
   </div>
   <div class='ocr_carea' id='block_1_8' title="bbox 558 1705 1628 1760">
    <p class='ocr_par' dir='ltr' id='par_1_9' title="bbox 558 1705 1628 1760">
     <span class='ocr_line' id='line_1_21' title="bbox 558 1705 1628 1760; baseline 0 -13"><span class='ocrx_word' id='word_1_156' title='bbox 558 1705 731 1748; x_wconf 88' lang='lat' dir='ltr'>nomine</span> <span class='ocrx_word' id='word_1_157' title='bbox 762 1705 910 1748; x_wconf 90' lang='lat' dir='ltr'>Iacobi</span> <span class='ocrx_word' id='word_1_158' title='bbox 940 1705 1092 1757; x_wconf 89' lang='lat' dir='ltr'>Lainii,</span> <span class='ocrx_word' id='word_1_159' title='bbox 1126 1705 1365 1760; x_wconf 85' lang='lat' dir='ltr'>praepositi</span> <span class='ocrx_word' id='word_1_160' title='bbox 1396 1705 1628 1759; x_wconf 87' lang='lat' dir='ltr'>generalis,</span> 
     </span>
    </p>
   </div>
   <div class='ocr_carea' id='block_1_9' title="bbox 843 1798 1356 1939">
    <p class='ocr_par' dir='ltr' id='par_1_10' title="bbox 843 1798 1356 1939">
     <span class='ocr_line' id='line_1_22' title="bbox 957 1798 1231 1847; baseline 0 0"><span class='ocrx_word' id='word_1_161' title='bbox 957 1798 1231 1847; x_wconf 82' lang='lat' dir='ltr'>CANISIO.</span> 
     </span>
     <span class='ocr_line' id='line_1_23' title="bbox 843 1901 1356 1939; baseline 0 -1"><span class='ocrx_word' id='word_1_162' title='bbox 843 1901 956 1938; x_wconf 83' lang='lat' dir='ltr'>Roma</span> <span class='ocrx_word' id='word_1_163' title='bbox 981 1902 1038 1939; x_wconf 85' lang='grc'>28.</span> <span class='ocrx_word' id='word_1_164' title='bbox 1065 1901 1235 1938; x_wconf 81' lang='lat' dir='ltr'>Octobris</span> <span class='ocrx_word' id='word_1_165' title='bbox 1260 1901 1356 1938; x_wconf 85' lang='lat'>1559.</span> 
     </span>
    </p>
   </div>
   <div class='ocr_carea' id='block_1_10' title="bbox 215 1982 1981 2084">
    <p class='ocr_par' dir='ltr' id='par_1_11' title="bbox 215 1982 1981 2084">
     <span class='ocr_line' id='line_1_24' title="bbox 335 1982 1981 2031; baseline -0.001 -11"><span class='ocrx_word' id='word_1_166' title='bbox 335 1986 391 2020; x_wconf 85' lang='lat' dir='ltr'>Ex</span> <span class='ocrx_word' id='word_1_167' title='bbox 416 1985 622 2031; x_wconf 88' lang='lat' dir='ltr'>apographo</span> <span class='ocrx_word' id='word_1_168' title='bbox 650 1986 810 2020; x_wconf 88' lang='lat' dir='ltr'>eiusdem</span> <span class='ocrx_word' id='word_1_169' title='bbox 835 1985 1029 2031; x_wconf 86' lang='lat' dir='ltr'>temporis;</span> <span class='ocrx_word' id='word_1_170' title='bbox 1055 1985 1092 2020; x_wconf 88' lang='lat' dir='ltr'>in</span> <span class='ocrx_word' id='word_1_171' title='bbox 1118 1984 1300 2029; x_wconf 86' lang='lat' dir='ltr'>margine:</span> <span class='ocrx_word' id='word_1_172' title='bbox 1340 1983 1580 2029; x_wconf 81' lang='lat' dir='ltr'>„Alemagna,</span> <span class='ocrx_word' id='word_1_173' title='bbox 1606 1984 1749 2028; x_wconf 86' lang='lat' dir='ltr'>Agusta</span> <span class='ocrx_word' id='word_1_174' title='bbox 1774 1983 1891 2018; x_wconf 86' lang='lat' dir='ltr'>Padre</span> <span class='ocrx_word' id='word_1_175' title='bbox 1916 1982 1981 2018; x_wconf 86' lang='lat' dir='ltr'>Ca-</span> 
     </span>
     <span class='ocr_line' id='line_1_25' title="bbox 215 2038 1051 2084; baseline -0.001 -10"><span class='ocrx_word' id='word_1_176' title='bbox 215 2039 356 2074; x_wconf 60' lang='lat' dir='ltr'>nissiof</span> <span class='ocrx_word' id='word_1_177' title='bbox 412 2038 496 2075; x_wconf 75' lang='lat' dir='ltr'>cod.</span> <span class='ocrx_word' id='word_1_178' title='bbox 527 2039 668 2083; x_wconf 73' lang='lat' dir='ltr'>„Germ</span> <span class='ocrx_word' id='word_1_179' title='bbox 697 2039 807 2074; x_wconf 79' lang='lat'>1559“</span> <span class='ocrx_word' id='word_1_180' title='bbox 837 2051 871 2084; x_wconf 92' lang='lat' dir='ltr'>p.</span> <span class='ocrx_word' id='word_1_181' title='bbox 899 2039 1051 2074; x_wconf 84' lang='lat'>52—53.</span> 
     </span>
    </p>
   </div>
   <div class='ocr_carea' id='block_1_11' title="bbox 212 2113 1983 2429">
    <p class='ocr_par' dir='ltr' id='par_1_12' title="bbox 212 2113 1983 2429">
     <span class='ocr_line' id='line_1_26' title="bbox 338 2113 1980 2157; baseline -0.001 -7"><span class='ocrx_word' id='word_1_182' title='bbox 338 2116 576 2150; x_wconf 74' lang='lat' dir='ltr'>Theodericus</span> <span class='ocrx_word' id='word_1_183' title='bbox 605 2116 780 2150; x_wconf 73' lang='lat' dir='ltr'>Canisias.</span> <span class='ocrx_word' id='word_1_184' title='bbox 836 2116 980 2150; x_wconf 70' lang='lat' dir='ltr'>Canisio</span> <span class='ocrx_word' id='word_1_185' title='bbox 1007 2115 1237 2149; x_wconf 69' lang='lat' dir='ltr'>Monac-hiant</span> <span class='ocrx_word' id='word_1_186' title='bbox 1262 2115 1416 2149; x_wconf 76' lang='lat' dir='ltr'>eandum</span> <span class='ocrx_word' id='word_1_187' title='bbox 1442 2115 1490 2148; x_wconf 77' lang='lat' dir='ltr'>ad</span> <span class='ocrx_word' id='word_1_188' title='bbox 1515 2114 1697 2157; x_wconf 67' lang='lat' dir='ltr'>colleqium</span> <span class='ocrx_word' id='word_1_189' title='bbox 1730 2113 1980 2148; x_wconf 68' lang='lat' dir='ltr'>incohandum.</span> 
     </span>
     <span class='ocr_line' id='line_1_27' title="bbox 214 2167 1981 2215; baseline -0.002 -11"><span class='ocrx_word' id='word_1_190' title='bbox 214 2171 398 2215; x_wconf 68' lang='lat' dir='ltr'>JIaqister,</span> <span class='ocrx_word' id='word_1_191' title='bbox 433 2181 534 2214; x_wconf 58' lang='lat' dir='ltr'>(laem</span> <span class='ocrx_word' id='word_1_192' title='bbox 563 2170 729 2204; x_wconf 62' lang='lat' dir='ltr'>Canisc&#39;as</span> <span class='ocrx_word' id='word_1_193' title='bbox 757 2171 866 2213; x_wconf 69' lang='lat' dir='ltr'>petit,</span> <span class='ocrx_word' id='word_1_194' title='bbox 901 2169 987 2202; x_wconf 74' lang='lat' dir='ltr'>dari</span> <span class='ocrx_word' id='word_1_195' title='bbox 1020 2179 1093 2202; x_wconf 76' lang='lat' dir='ltr'>non</span> <span class='ocrx_word' id='word_1_196' title='bbox 1119 2173 1242 2212; x_wconf 74' lang='lat' dir='ltr'>potest.</span> <span class='ocrx_word' id='word_1_197' title='bbox 1292 2169 1331 2202; x_wconf 92' lang='lat' dir='ltr'>P.</span> <span class='ocrx_word' id='word_1_198' title='bbox 1363 2168 1583 2202; x_wconf 70' lang='lat' dir='ltr'>Ceu-illonius</span> <span class='ocrx_word' id='word_1_199' title='bbox 1607 2168 1758 2201; x_wconf 82' lang='lat' dir='ltr'>Romam</span> <span class='ocrx_word' id='word_1_200' title='bbox 1781 2167 1981 2201; x_wconf 75' lang='lat' dir='ltr'>mittendus.</span> 
     </span>
     <span class='ocr_line' id='line_1_28' title="bbox 214 2221 1981 2267; baseline -0.002 -9"><span class='ocrx_word' id='word_1_201' title='bbox 214 2225 366 2258; x_wconf 75' lang='lat' dir='ltr'>Fratres</span> <span class='ocrx_word' id='word_1_202' title='bbox 391 2224 535 2258; x_wconf 73' lang='lat' dir='ltr'>bohemi.</span> <span class='ocrx_word' id='word_1_203' title='bbox 588 2224 714 2257; x_wconf 65' lang='lat' dir='ltr'>Socz‘us</span> <span class='ocrx_word' id='word_1_204' title='bbox 740 2224 887 2267; x_wconf 75' lang='lat' dir='ltr'>quidam</span> <span class='ocrx_word' id='word_1_205' title='bbox 912 2222 1044 2256; x_wconf 64' lang='lat' dir='ltr'>dimitti</span> <span class='ocrx_word' id='word_1_206' title='bbox 1062 2227 1186 2265; x_wconf 74' lang='lat' dir='ltr'>potest.</span> <span class='ocrx_word' id='word_1_207' title='bbox 1241 2221 1386 2256; x_wconf 73' lang='lat' dir='ltr'>Canisio</span> <span class='ocrx_word' id='word_1_208' title='bbox 1410 2222 1568 2265; x_wconf 69' lang='lat' dir='ltr'>facultas</span> <span class='ocrx_word' id='word_1_209' title='bbox 1593 2222 1703 2254; x_wconf 77' lang='lat' dir='ltr'>datm·</span> <span class='ocrx_word' id='word_1_210' title='bbox 1726 2231 1809 2254; x_wconf 78' lang='lat' dir='ltr'>suos</span> <span class='ocrx_word' id='word_1_211' title='bbox 1843 2221 1892 2254; x_wconf 83' lang='lat' dir='ltr'>ad</span> <span class='ocrx_word' id='word_1_212' title='bbox 1926 2231 1981 2254; x_wconf 85' lang='lat' dir='ltr'>sa-</span> 
     </span>
     <span class='ocr_line' id='line_1_29' title="bbox 215 2274 1983 2320; baseline -0.003 -9"><span class='ocrx_word' id='word_1_213' title='bbox 215 2278 407 2312; x_wconf 66' lang='lat' dir='ltr'>eerdotium</span> <span class='ocrx_word' id='word_1_214' title='bbox 426 2278 670 2320; x_wconf 67' lang='lat' dir='ltr'>promovendi.</span> <span class='ocrx_word' id='word_1_215' title='bbox 721 2277 878 2310; x_wconf 60' lang='lat' dir='ltr'>Laenius</span> <span class='ocrx_word' id='word_1_216' title='bbox 903 2277 987 2309; x_wconf 70' lang='lat' dir='ltr'>duci</span> <span class='ocrx_word' id='word_1_217' title='bbox 1011 2276 1193 2310; x_wconf 47' lang='lat' dir='ltr'>Bau-ariae</span> <span class='ocrx_word' id='word_1_218' title='bbox 1218 2286 1323 2309; x_wconf 75' lang='lat' dir='ltr'>novos</span> <span class='ocrx_word' id='word_1_219' title='bbox 1350 2275 1471 2309; x_wconf 75' lang='lat' dir='ltr'>Socios</span> <span class='ocrx_word' id='word_1_220' title='bbox 1489 2275 1698 2318; x_wconf 73' lang='lat' dir='ltr'>promittere</span> <span class='ocrx_word' id='word_1_221' title='bbox 1732 2274 1873 2318; x_wconf 74' lang='lat' dir='ltr'>quidem</span> <span class='ocrx_word' id='word_1_222' title='bbox 1910 2284 1983 2307; x_wconf 74' lang='lat' dir='ltr'>uon</span> 
     </span>
     <span class='ocr_line' id='line_1_30' title="bbox 217 2326 1982 2375; baseline -0.002 -11"><span class='ocrx_word' id='word_1_223' title='bbox 217 2332 297 2375; x_wconf 72' lang='lat' dir='ltr'>redt,</span> <span class='ocrx_word' id='word_1_224' title='bbox 322 2332 382 2364; x_wconf 74' lang='lat' dir='ltr'>sed</span> <span class='ocrx_word' id='word_1_225' title='bbox 406 2331 524 2365; x_wconf 70' lang='lat' dir='ltr'>mittet.</span> <span class='ocrx_word' id='word_1_226' title='bbox 560 2331 796 2364; x_wconf 71' lang='lat' dir='ltr'>Protestantes</span> <span class='ocrx_word' id='word_1_227' title='bbox 823 2331 859 2363; x_wconf 79' lang='grc' dir='ltr'>ἰη</span> <span class='ocrx_word' id='word_1_228' title='bbox 885 2329 1058 2363; x_wconf 76' lang='lat' dir='ltr'>Bavaria.</span> <span class='ocrx_word' id='word_1_229' title='bbox 1104 2329 1307 2362; x_wconf 69' lang='lat' dir='ltr'>Facultates</span> <span class='ocrx_word' id='word_1_230' title='bbox 1331 2329 1380 2362; x_wconf 78' lang='lat' dir='ltr'>ad</span> <span class='ocrx_word' id='word_1_231' title='bbox 1411 2326 1609 2370; x_wconf 72' lang='lat' dir='ltr'>„Indicenz“</span> <span class='ocrx_word' id='word_1_232' title='bbox 1635 2331 1837 2371; x_wconf 62' lang='lat' dir='ltr'>spectante-3.</span> <span class='ocrx_word' id='word_1_233' title='bbox 1875 2326 1982 2361; x_wconf 79' lang='lat' dir='ltr'>Colle-</span> 
     </span>
     <span class='ocr_line' id='line_1_31' title="bbox 212 2385 569 2429; baseline 0 -12"><span class='ocrx_word' id='word_1_234' title='bbox 212 2386 311 2428; x_wconf 72' lang='lat' dir='ltr'>yiam</span> <span class='ocrx_word' id='word_1_235' title='bbox 336 2385 569 2429; x_wconf 70' lang='lat' dir='ltr'>tyrnavz‘ense.</span> 
     </span>
    </p>
   </div>
   <div class='ocr_carea' id='block_1_12' title="bbox 947 2448 1247 2574">
    <p class='ocr_par' dir='ltr' id='par_1_13' title="bbox 947 2448 1247 2574">
     <span class='ocr_line' id='line_1_32' title="bbox 1027 2448 1169 2491; baseline -0.007 0"><span class='ocrx_word' id='word_1_236' title='bbox 1027 2448 1055 2491; x_wconf 84' lang='lat' dir='ltr'><strong>J</strong></span> <span class='ocrx_word' id='word_1_237' title='bbox 1058 2461 1169 2490; x_wconf 90' lang='lat' dir='ltr'>esus.</span> 
     </span>
     <span class='ocr_line' id='line_1_33' title="bbox 947 2529 1247 2574; baseline 0 -1"><span class='ocrx_word' id='word_1_238' title='bbox 947 2531 1043 2573; x_wconf 84' lang='lat' dir='ltr'>Pax</span> <span class='ocrx_word' id='word_1_239' title='bbox 1075 2529 1247 2574; x_wconf 87' lang='lat' dir='ltr'>Christi.</span> 
     </span>
    </p>
   </div>
   <div class='ocr_carea' id='block_1_13' title="bbox 218 2609 1983 2722">
    <p class='ocr_par' dir='ltr' id='par_1_14' title="bbox 218 2609 1983 2722">
     <span class='ocr_line' id='line_1_34' title="bbox 335 2609 1983 2668; baseline -0.002 -12"><span class='ocrx_word' id='word_1_240' title='bbox 335 2614 577 2657; x_wconf 84' lang='lat' dir='ltr'>Receuemo</span> <span class='ocrx_word' id='word_1_241' title='bbox 609 2613 754 2668; x_wconf 88' lang='lat' dir='ltr'>quella</span> <span class='ocrx_word' id='word_1_242' title='bbox 787 2613 839 2656; x_wconf 89' lang='lat' dir='ltr'>de</span> <span class='ocrx_word' id='word_1_243' title='bbox 863 2613 917 2656; x_wconf 88' lang='lat' dir='ltr'>V.</span> <span class='ocrx_word' id='word_1_244' title='bbox 941 2613 992 2656; x_wconf 88' lang='lat' dir='ltr'>R.</span> <span class='ocrx_word' id='word_1_245' title='bbox 1027 2613 1079 2655; x_wconf 91' lang='lat' dir='ltr'>de</span> <span class='ocrx_word' id='word_1_246' title='bbox 1116 2614 1169 2654; x_wconf 89' lang='lat'>14</span> <span class='ocrx_word' id='word_1_247' title='bbox 1202 2611 1271 2654; x_wconf 86' lang='lat' dir='ltr'>del</span> <span class='ocrx_word' id='word_1_248' title='bbox 1303 2613 1506 2666; x_wconf 87' lang='lat' dir='ltr'>presente</span> <span class='ocrx_word' id='word_1_249' title='bbox 1538 2612 1583 2653; x_wconf 93' lang='lat' dir='ltr'>et</span> <span class='ocrx_word' id='word_1_250' title='bbox 1615 2609 1872 2653; x_wconf 88' lang='lat' dir='ltr'>entendemo</span> <span class='ocrx_word' id='word_1_251' title='bbox 1904 2609 1983 2652; x_wconf 90' lang='lat' dir='ltr'>che</span> 
     </span>
     <span class='ocr_line' id='line_1_35' title="bbox 218 2673 1983 2722; baseline -0.004 0"><span class='ocrx_word' id='word_1_252' title='bbox 218 2681 255 2722; x_wconf 90' lang='lat' dir='ltr'>el</span> <span class='ocrx_word' id='word_1_253' title='bbox 289 2680 441 2722; x_wconf 86' lang='lat' dir='ltr'>doctor</span> <span class='ocrx_word' id='word_1_254' title='bbox 473 2678 709 2722; x_wconf 84' lang='lat' dir='ltr'>Teodorico</span> <span class='ocrx_word' id='word_1_255' title='bbox 752 2677 914 2721; x_wconf 89' lang='lat' dir='ltr'>canisio</span> <span class='ocrx_word' id='word_1_256' title='bbox 955 2692 1042 2720; x_wconf 93' lang='lat' dir='ltr'>non</span> <span class='ocrx_word' id='word_1_257' title='bbox 1084 2691 1160 2720; x_wconf 87' lang='lat' dir='ltr'>era</span> <span class='ocrx_word' id='word_1_258' title='bbox 1199 2678 1394 2719; x_wconf 87' lang='lat' dir='ltr'>uenutto.</span> <span class='ocrx_word' id='word_1_259' title='bbox 1459 2676 1564 2718; x_wconf 88' lang='lat' dir='ltr'>Sera</span> <span class='ocrx_word' id='word_1_260' title='bbox 1600 2675 1683 2718; x_wconf 91' lang='lat' dir='ltr'>ben</span> <span class='ocrx_word' id='word_1_261' title='bbox 1714 2673 1909 2718; x_wconf 86' lang='lat' dir='ltr'>scriuerli</span> <span class='ocrx_word' id='word_1_262' title='bbox 1940 2674 1983 2715; x_wconf 89' lang='lat' dir='ltr'>la</span> 
     </span>
    </p>
   </div>
   <div class='ocr_carea' id='block_1_14' title="bbox 235 2767 1976 2775">
    <p class='ocr_par' dir='ltr' id='par_1_15' title="bbox 235 2767 1976 2775">
     <span class='ocr_line' id='line_1_36' title="bbox 235 2767 1976 2775; baseline 0 0"><span class='ocrx_word' id='word_1_263' title='bbox 235 2767 1976 2775; x_wconf 95' lang='lat' dir='ltr'> </span> 
     </span>
    </p>
   </div>
   <div class='ocr_carea' id='block_1_15' title="bbox 894 2815 1308 2851">
    <p class='ocr_par' dir='ltr' id='par_1_16' title="bbox 894 2815 1308 2851">
     <span class='ocr_line' id='line_1_37' title="bbox 894 2815 1308 2851; baseline 0 -1"><span class='ocrx_word' id='word_1_264' title='bbox 894 2816 1006 2851; x_wconf 88' lang='lat' dir='ltr'>Iesus.</span> <span class='ocrx_word' id='word_1_265' title='bbox 1056 2815 1135 2850; x_wconf 88' lang='lat' dir='ltr'>Pax</span> <span class='ocrx_word' id='word_1_266' title='bbox 1162 2815 1308 2851; x_wconf 88' lang='lat' dir='ltr'>Christi.</span> 
     </span>
    </p>
   </div>
   <div class='ocr_carea' id='block_1_16' title="bbox 221 2877 1984 2977">
    <p class='ocr_par' dir='ltr' id='par_1_17' title="bbox 221 2877 1984 2977">
     <span class='ocr_line' id='line_1_38' title="bbox 336 2877 1983 2928; baseline -0.004 -10"><span class='ocrx_word' id='word_1_267' title='bbox 336 2883 553 2928; x_wconf 85' lang='lat' dir='ltr'>Accepimus</span> <span class='ocrx_word' id='word_1_268' title='bbox 579 2882 772 2928; x_wconf 84' lang='lat' dir='ltr'>epistulam</span> <span class='ocrx_word' id='word_1_269' title='bbox 799 2882 840 2916; x_wconf 88' lang='lat' dir='ltr'>R.</span> <span class='ocrx_word' id='word_1_270' title='bbox 867 2881 911 2916; x_wconf 91' lang='lat' dir='ltr'>V.</span> <span class='ocrx_word' id='word_1_271' title='bbox 939 2881 996 2915; x_wconf 87' lang='lat' dir='ltr'>die</span> <span class='ocrx_word' id='word_1_272' title='bbox 1024 2880 1078 2914; x_wconf 88' lang='lat'>14.</span> <span class='ocrx_word' id='word_1_273' title='bbox 1104 2879 1212 2914; x_wconf 88' lang='lat' dir='ltr'>huius</span> <span class='ocrx_word' id='word_1_274' title='bbox 1237 2879 1372 2914; x_wconf 87' lang='lat' dir='ltr'>mensis</span> <span class='ocrx_word' id='word_1_275' title='bbox 1398 2879 1537 2921; x_wconf 81' lang='lat' dir='ltr'>datam3</span> <span class='ocrx_word' id='word_1_276' title='bbox 1569 2891 1613 2913; x_wconf 87' lang='lat' dir='ltr'>ex</span> <span class='ocrx_word' id='word_1_277' title='bbox 1639 2889 1711 2924; x_wconf 85' lang='lat' dir='ltr'>qua</span> <span class='ocrx_word' id='word_1_278' title='bbox 1735 2877 1983 2913; x_wconf 83' lang='lat' dir='ltr'>intelleximus</span> 
     </span>
     <span class='ocr_line' id='line_1_39' title="bbox 221 2930 1984 2977; baseline -0.003 -7"><span class='ocrx_word' id='word_1_279' title='bbox 221 2936 400 2970; x_wconf 86' lang='lat' dir='ltr'>doctorem</span> <span class='ocrx_word' id='word_1_280' title='bbox 417 2936 676 2970; x_wconf 86' lang='lat' dir='ltr'>Theodoricum</span> <span class='ocrx_word' id='word_1_281' title='bbox 696 2935 877 2970; x_wconf 85' lang='lat' dir='ltr'>Canisium</span> <span class='ocrx_word' id='word_1_282' title='bbox 900 2933 1057 2969; x_wconf 90' lang='lat' dir='ltr'>nondum</span> <span class='ocrx_word' id='word_1_283' title='bbox 1083 2933 1127 2968; x_wconf 89' lang='lat' dir='ltr'>ad</span> <span class='ocrx_word' id='word_1_284' title='bbox 1153 2944 1218 2968; x_wconf 91' lang='lat' dir='ltr'>vos</span> <span class='ocrx_word' id='word_1_285' title='bbox 1244 2932 1400 2968; x_wconf 85' lang='lat' dir='ltr'>venisse.</span> <span class='ocrx_word' id='word_1_286' title='bbox 1435 2932 1577 2968; x_wconf 85' lang='lat' dir='ltr'>Scribat</span> <span class='ocrx_word' id='word_1_287' title='bbox 1594 2932 1635 2967; x_wconf 80' lang='lat' dir='ltr'>R.</span> <span class='ocrx_word' id='word_1_288' title='bbox 1654 2931 1698 2967; x_wconf 92' lang='lat' dir='ltr'>V.</span> <span class='ocrx_word' id='word_1_289' title='bbox 1724 2943 1790 2967; x_wconf 90' lang='lat' dir='ltr'>suo</span> <span class='ocrx_word' id='word_1_290' title='bbox 1815 2933 1852 2966; x_wconf 85' lang='lat' dir='ltr'>et</span> <span class='ocrx_word' id='word_1_291' title='bbox 1869 2930 1984 2977; x_wconf 82' lang='lat' dir='ltr'>patris</span> 
     </span>
    </p>
   </div>
   <div class='ocr_carea' id='block_1_17' title="bbox 341 3044 962 3091">
    <p class='ocr_par' dir='ltr' id='par_1_18' title="bbox 341 3044 962 3091">
     <span class='ocr_line' id='line_1_40' title="bbox 341 3044 962 3091; baseline -0.002 -10"><span class='ocrx_word' id='word_1_292' title='bbox 341 3052 354 3066; x_wconf 72' lang='lat'>²⁸</span> <span class='ocrx_word' id='word_1_293' title='bbox 382 3058 444 3091; x_wconf 91' lang='lat' dir='ltr'>pro</span> <span class='ocrx_word' id='word_1_294' title='bbox 471 3058 528 3091; x_wconf 80' lang='lat' dir='ltr'>ap.</span> <span class='ocrx_word' id='word_1_295' title='bbox 671 3046 686 3066; x_wconf 71' lang='lat' dir='ltr'>b</span> <span class='ocrx_word' id='word_1_296' title='bbox 717 3048 800 3090; x_wconf 49' lang='lat' dir='ltr'>Sim</span> <span class='ocrx_word' id='word_1_297' title='bbox 824 3044 962 3081; x_wconf 79' lang='lat' dir='ltr'>simul?</span> 
     </span>
    </p>
   </div>
   <div class='ocr_carea' id='block_1_18' title="bbox 634 3125 771 3129">
    <p class='ocr_par' dir='ltr' id='par_1_19' title="bbox 634 3125 771 3129">
     <span class='ocr_line' id='line_1_41' title="bbox 634 3125 771 3129; baseline 0 0"><span class='ocrx_word' id='word_1_298' title='bbox 634 3125 771 3129; x_wconf 95' lang='lat' dir='ltr'> </span> 
     </span>
    </p>
   </div>
   <div class='ocr_carea' id='block_1_19' title="bbox 346 3161 1192 3208">
    <p class='ocr_par' dir='ltr' id='par_1_20' title="bbox 346 3161 1192 3208">
     <span class='ocr_line' id='line_1_42' title="bbox 346 3161 1192 3208; baseline 0 -12"><span class='ocrx_word' id='word_1_299' title='bbox 346 3162 355 3182; x_wconf 94' lang='lat'><strong>¹</strong></span> <span class='ocrx_word' id='word_1_300' title='bbox 381 3161 486 3197; x_wconf 90' lang='lat' dir='ltr'>Num.</span> <span class='ocrx_word' id='word_1_301' title='bbox 514 3163 569 3204; x_wconf 88' lang='grc'>21,</span> <span class='ocrx_word' id='word_1_302' title='bbox 595 3163 650 3198; x_wconf 81' lang='lat'>22.</span> <span class='ocrx_word' id='word_1_303' title='bbox 796 3163 810 3184; x_wconf 76' lang='lat'><strong>²</strong></span> <span class='ocrx_word' id='word_1_304' title='bbox 836 3163 889 3198; x_wconf 88' lang='lat' dir='ltr'>Cf.</span> <span class='ocrx_word' id='word_1_305' title='bbox 916 3173 1026 3208; x_wconf 82' lang='lat' dir='ltr'>supra</span> <span class='ocrx_word' id='word_1_306' title='bbox 1051 3173 1084 3208; x_wconf 89' lang='lat' dir='ltr'>p.</span> <span class='ocrx_word' id='word_1_307' title='bbox 1112 3161 1192 3197; x_wconf 83' lang='lat'>541.</span> 
     </span>
    </p>
   </div>
  </div>
 </body>
</html>
