2142 3455
227 185 308 221 401.
344 185 510 221 Canisius
535 185 648 220 Sociis
673 184 946 220 coloniensibus.
984 186 1078 230 Aug.
1105 185 1372 221 Vindelicorum
1399 190 1552 222 exeunte
1578 199 1609 222 a.
1639 188 1739 223 1559.
1807 191 1890 232 569

341 304 403 347 Te
433 307 616 359 patrone
647 305 762 358 peto,
797 303 999 356 quoniam
1031 318 1100 346 res
1133 304 1250 357 cogit
1283 319 1478 358 egenum,

458 369 689 424 Implorem
722 368 893 419 domini,
927 383 1006 411 nec
1038 369 1177 423 pudor
1210 370 1356 413 obstat
1389 384 1525 424 opem.

340 435 518 478 Duriter
548 434 631 476 heu
662 433 823 476 nostris
855 433 941 476 iam
973 434 1084 477 ludit
1114 433 1260 488 inopia
1292 435 1433 485 rebus,

457 499 528 542 Me
559 501 680 542 tenet
710 497 885 541 insolito
917 498 1231 553 pauperiesque
1264 499 1377 553 iugo.

340 566 456 608 Ante
489 578 569 618 ego
603 563 675 617 qui
706 563 887 615 fueram,
920 564 1107 606 nummis
1138 563 1378 607 instructus
1412 567 1456 608 et
1489 579 1606 616 auro,

459 630 551 672 Iam
582 629 745 672 titubat
775 631 905 684 portu
938 629 1044 671 dura
1077 629 1217 671 mvc'oe*
1248 643 1343 672 meo
1355 628 1381 672 ¹'.

339 694 429 737 Adc
461 697 506 737 te
539 694 752 748 confugio,
786 697 994 748 tanquam
1026 694 1158 737 miser
1190 695 1305 749 exul,
1339 695 1523 749 Asylum

458 760 525 802 Da
556 759 754 815 precibus
787 759 948 802 nostris
979 774 1137 814 magne
1169 762 1355 814 patrone
1387 761 1541 803 locum.

338 825 452 867 Nam
483 839 581 868 mea
613 839 711 880 spes
742 825 786 867 in
817 828 862 868 te
895 825 986 868 solo
1018 823 1251 868 inclinatad
1283 825 1508 876 recumbit,

458 890 732 934 Exhaustum
763 890 949 933 nummis
982 904 1142 944 quaeso
1175 890 1326 932 iuuare
1358 890 1479 933 velis.

339 956 518 999 Munere
549 970 628 1010 pro
660 955 751 1007 tali,
785 955 864 999 tibi
895 955 1040 1010 gratia
1071 956 1210 998 multa
1241 955 1421 999 feretur.

457 1022 528 1064 Me
559 1021 703 1064 fateor
733 1035 952 1074 nunquam
983 1035 1111 1075 posse
1142 1020 1307 1063 referre
1339 1035 1500 1075 parem.

341 1086 424 1128 Sed
456 1087 570 1140 quod
602 1087 727 1130 adest
758 1087 893 1138 nobis,
928 1089 972 1129 et
1004 1101 1087 1140 quo
1119 1086 1359 1140 gaudemus
1392 1086 1574 1136 abunde,

458 1151 638 1194 Affatim
670 1152 802 1194 verbo
835 1166 920 1198 non
952 1151 1184 1195 simulante
1217 1151 1340 1194 dabo.

340 1216 530 1259 Numina
561 1217 673 1259 Diua
704 1230 871 1272 precor,
906 1216 1013 1259 coeli
1045 1231 1155 1271 quae
1187 1217 1347 1271 sydera
1378 1219 1597 1270 torquent,

458 1282 738 1336 Longaeuum
770 1281 892 1324 nobis
923 1285 969 1325 te
1000 1282 1117 1324 Deus
1150 1296 1246 1324 esse
1277 1282 1397 1325 velit.

341 1347 450 1388 Viue
484 1347 554 1389 diu
587 1347 722 1390 Musis
754 1347 891 1389 omnis
923 1347 1118 1391 studiosa
1149 1350 1364 1402 precatur,

459 1412 599 1463 Plebs,
634 1426 688 1455 ne
719 1415 764 1455 te
796 1412 918 1455 nobis
950 1412 1083 1455 liuida
1114 1412 1209 1455 fata
1239 1413 1396 1456 ferant.

340 1477 485 1531 Atque
516 1478 675 1521 iterum
707 1478 800 1520 dico
832 1478 985 1531 longos
1017 1478 1231 1520 foeliciter
1262 1492 1412 1528 annos,

457 1543 567 1585 Viue
599 1557 764 1586 memor
794 1543 945 1594 nostri,
979 1543 1089 1585 Viue
1121 1544 1306 1597 valeque
1340 1543 1423 1585 diu.

244 1618 359 1660 Reu:
393 1622 495 1662 tuae
529 1619 635 1673 Dig:

855 1685 1159 1729 Deditissimus

1403 1751 1569 1804 Georg:
1604 1750 1829 1793 Grarockh

1465 1830 1521 1858 ex
1551 1815 1779 1870 Apriuilla,

244 1900 463 1934 Litterarum
489 1900 617 1935 harum
643 1903 845 1943 auctorem,
880 1901 967 1935 mihi
1002 1901 1146 1946 quidem
1180 1901 1361 1945 ignotum,
1397 1913 1467 1936 non
1502 1913 1547 1936 ex
1572 1901 1785 1943 Eberstadt,
1821 1912 1890 1945 quo

123 1952 265 1988 nomine
300 1953 501 1999 complures
536 1954 604 1988 loci
638 1954 675 1988 in
701 1955 817 1996 Bada,
854 1954 1002 1995 Hassia‚
1039 1954 1320 1998 wurtemberga
1354 1955 1415 1990 siti
1441 1955 1710 1999 significantur,
1747 1954 1811 1989 sed
1844 1965 1889 1988 ex

124 2006 371 2049 Ebersweiler,
398 2008 458 2052 qui
484 2007 737 2052 Lotharingiae
764 2008 866 2043 vicus
892 2010 957 2050 est,
983 2010 1101 2043 ortum
1126 2007 1239 2043 fuisse
1264 2008 1397 2054 opinor.

949 2138 1070 2181 401.

860 2231 1156 2280 CANISIUS

560 2334 801 2379 secus
850 2336 1452 2381 COLONIENSIBUS.

574 2433 743 2481 Augusta
760 2433 1035 2471 vindelicorum
1054 2436 1212 2472 exeunte
1230 2445 1325 2472 anno
1342 2434 1438 2472 1559.

242 2521 298 2556 Ex
324 2523 469 2556 Hans-en
498 2521 520 2556 l.
548 2533 577 2556 c.
604 2534 637 2567 p.
666 2523 746 2558 341.

242 2606 506 2647 Litterarum
539 2606 696 2661 colleyz'i
727 2607 972 2649 coloniensis
1004 2608 1381 2663 quadrimestrizmz.
1422 2610 1591 2651 ineunte
1631 2624 1743 2651 anno
1775 2612 1892 2653 1560

124 2671 328 2712 (latarum
360 2675 506 2712 (metor
536 2669 606 2721 (P.
630 2672 811 2714 Ioannes
834 2673 1023 2726 Retleizcs,
1059 2678 1101 2714 ιιι
1136 2674 1320 2726 videtur)
1352 2674 1453 2716 llaec
1485 2675 1531 2716 in
1553 2674 1704 2716 iisdem
1725 2676 1893 2717 scribit:

127 2736 382 2790 „Lemnum
425 2741 471 2777 ut
512 2736 664 2791 (tudio,
709 2737 821 2779 brevi
857 2752 900 2793 p.
934 2739 1212 2793 provincialis
1249 2737 1525 2791 [Eam-ardus
1564 2739 1891 2794 Mercurianus]

122 2801 338 2843 vocabitur
348 2834 359 2854 ,
401 2805 447 2842 ut
487 2801 619 2843 locum
651 2803 814 2857 collesje'o
849 2807 990 2858 aptum
1034 2804 1115 2845 sihi
1157 2804 1301 2859 ele'qat,
1344 2809 1389 2845 ut
1431 2819 1481 2846 ex
1515 2805 1694 2847 doctoris
1728 2806 1893 2848 Canise'i

124 2867 259 2907 literis
303 2870 339 2907 et
380 2867 718 2921 Moqzcnte'nensis
761 2868 1063 2924 archiepiscope?
1107 2870 1328 2911 secretario
1372 2868 1568 2922 [Simone
1611 2870 1784 2926 Bayen]
1831 2886 1891 2914 (³0-

123 2929 380 2986 ytzove'mmf‘

245 3080 258 3094 ³
288 3075 343 3109 Ab
368 3076 444 3119 ipso
470 3076 582 3110 Grc‘ir.
609 3081 805 3110 correctum
830 3088 894 3110 ex:
920 3077 1047 3110 πενειά.

246 3127 260 3146 ''
290 3129 375 3171 Sic‚·
399 3129 458 3162 sed
481 3129 634 3172 fortasse
663 3130 727 3164 Gr.
753 3129 906 3163 scribere
930 3131 1059 3164 voluit:
1084 3131 1187 3175 porta
1214 3129 1301 3164 dura
1328 3131 1424 3164 πενία
1453 3142 1542 3166 mea.

247 3186 258 3201 ⁶
289 3181 338 3216 At
367 3183 431 3216 Gr.
576 3180 591 3202 ‘¹
619 3182 791 3217 niclinata
821 3184 885 3217 Gr.
