2142 3455
681 155 771 190 1559
798 155 878 190 Oct.
907 156 961 190 15.
988 175 1033 179 —
1063 154 1153 189 1560
1178 154 1321 189 Martio.
1757 169 1902 197 XXXIX

208 272 298 306 1559
500 269 585 304 Dec.
612 270 668 305 25.
806 271 847 305 In
878 271 1098 314 „Nativitate
1124 271 1285 306 Domini“
1317 271 1359 305 (16
1386 282 1427 304 eo
1453 270 1510 304 die
1535 271 1633 304 recte
1663 269 1906 314 intellegendo

865 326 902 358 et
926 325 1104 359 servando
1130 325 1166 358 in
1192 336 1330 358 summo
1356 324 1490 369 templo
1517 323 1613 358 dicit.

209 377 300 413 1559
501 375 586 411 Dec.
613 377 669 411 26.
807 377 913 412 Festo
940 377 973 412 S.
994 378 1167 423 Stephani
1193 378 1325 412 ibidem
1351 378 1394 411 de
1421 389 1461 411 60
1488 380 1525 411 et
1550 377 1593 411 de
1620 376 1811 420 evangelio
1837 375 1907 410 diei

867 431 963 466 dicit.

209 484 299 518 1559
502 484 587 518 Dec.
615 484 672 519 27.
807 484 913 519 Festo
933 484 968 519 S.
986 484 1130 519 Ioannis
1144 484 1402 528 Evangelistae
1420 483 1552 518 ibidem
1568 483 1610 518 de
1629 482 1819 527 evangelio
1838 482 1907 517 diei

868 540 904 572 et
929 537 972 572 de
999 537 1143 572 loannis
1169 537 1337 572 laudibus
1364 537 1462 571 dicit.

208 590 299 624 1559
501 590 586 625 Dec.
615 591 670 626 31.
808 591 874 625 Die
900 590 1076 625 dominica
1102 591 1232 625 ibidem
1260 590 1302 624 de
1329 590 1519 634 evangelio
1546 589 1616 624 diei
1643 590 1740 624 dicit.

208 673 311 710 1560
560 696 605 701 -—
809 674 956 712 Canisic'
987 674 1193 723 „Summass
1224 674 1456 723 Antveipc‘ae
1484 672 1591 723 (bis),
1621 673 1806 720 Coloniae,
1833 672 1907 710 Lo-

867 735 971 771 vania·
999 731 1106 782 (bis),
1134 734 1303 770 Parisii-s·
1331 734 1469 770 editur.

209 792 312 829 1560
557 815 610 819 —
809 793 955 830 Eadem
992 793 1146 830 vlamiee
1188 805 1297 830 versa
1334 793 1585 841 Antempiae,
1631 793 1755 829 italic-e
1804 804 1907 829 versu

867 852 904 889 V
899 853 1029 889 metii&
1060 852 1267 901 (evcclgsatur.

210 911 313 948 1560
558 933 610 937 —
809 911 922 948 Hosii
942 907 1177 961 „Dialoquffl‘
1208 915 1241 948 et
1262 910 1344 960 „De
1373 923 1547 959 expresso
1566 911 1640 947 Dei·
1663 907 1794 948 verbo“
1816 910 1910 947 liber

870 970 1023 1008 canisio
1052 972 1112 1017 (ut
1132 971 1326 1016 videntum
1356 974 1514 1007 curante
1532 970 1711 1019 Dilinyae
1731 971 1907 1006 ειῑιιηίιιν.

210 1031 312 1068 1560
558 1053 610 1057 —
810 1030 1121 1067 Lunam-(morem
1159 1031 1331 1067 ministri
1368 1029 1678 1077 mean-§feldienses
1710 1028 1905 1066 canisium

869 1095 912 1127 ut
939 1090 1107 1128 haeresis
1126 1089 1360 1126 Iesuitarum
1384 1093 1577 1126 ‹motor-em
1597 1089 1910 1138 publicosciipto

869 1150 1065 1187 clanmant.

212 1209 314 1247 1560
530 1208 643 1247 initio
811 1209 1075 1246 Melcmchtlaon
1121 1211 1163 1247 in
1203 1207 1394 1258 „Corpore
1438 1203 1668 1245 Docti-mast
1713 1206 1908 1244 Cmcisiuw

871 1266 1179 1318 „blasplcemzmst
1209 1273 1272 1306 etc.
1301 1273 1415 1306 vocat.

211 1355 303 1390 1560
536 1356 638 1391 initio
813 1354 978 1390 Canisius
1005 1355 1047 1389 de
1074 1355 1224 1398 collegio
1251 1355 1420 1390 Treveris
1446 1354 1629 1390 condendo
1655 1353 1743 1397 agit.

213 1409 303 1444 1560
523 1410 600 1445 Ian.
629 1411 659 1444 1.
810 1408 918 1443 Festo
949 1408 1260 1450 „circumcisionis
1278 1408 1439 1443 Domini“
1470 1408 1507 1442 in
1533 1408 1687 1443 ecclesia
1714 1406 1911 1442 cathedrali

872 1462 914 1495 de
941 1461 1130 1505 evangelio
1156 1461 1226 1496 diei
1252 1461 1348 1496 dicit.

211 1516 304 1552 1560
523 1517 598 1552 Ian.
627 1518 658 1552 6.
787 1560 789 1564 Ι
811 1515 918 1549 Festo
945 1515 1166 1560 Epiphaniae
1192 1515 1324 1550 ibidem
1350 1515 1393 1549 de
1420 1515 1608 1559 evangelio
1635 1515 1704 1549 diei
1731 1514 1828 1549 dicit.

211 1570 302 1605 1560
523 1571 599 1606 Ian.
627 1572 658 1606 7.
786 1580 788 1607 ζ
811 1567 913 1603 1)0111.
940 1569 966 1602 Ι.
994 1570 1076 1614 post
1101 1569 1165 1614 Ep.
1192 1568 1325 1603 ibidem
1351 1569 1394 1603 de
1421 1569 1610 1613 evangelio
1634 1568 1704 1603 diei
1729 1567 1826 1610 dicit,
1852 1578 1915 1612 pa-

786 1617 787 1639 ]
870 1624 992 1656 rentes
1030 1623 1076 1656 ad
1112 1622 1206 1656 filios
1242 1622 1332 1657 bene
1370 1622 1611 1657 instituendos
1648 1621 1817 1666 graviter
1854 1632 1912 1655 ex-

870 1675 1030 1710 hortans.

209 1730 301 1766 1560
510 1731 585 1766 Ian.
614 1732 668 1766 14.
785 1716 787 1756 1³
810 1729 912 1764 Dom.
931 1729 974 1764 II.
994 1731 1076 1774 post
1093 1729 1157 1774 Ep.
1181 1729 1314 1764 ibidem
1340 1741 1361 1763 a
1387 1729 1574 1763 catholicis
1594 1728 1777 1763 Christum
1794 1739 1910 1772 neque

785 1774 786 1800 l
868 1783 1027 1826 ignorari
1041 1795 1157 1828 neque
1172 1783 1316 1827 neglegi
1331 1783 1556 1817 demonstrat
1567 1796 1574 1824 ;
1600 1785 1728 1828 postea
1743 1782 1785 1816 de
1804 1793 1910 1816 evan-

869 1836 963 1879 gelio
991 1837 1125 1878 dicens,
1151 1837 1315 1871 homines
1341 1837 1386 1871 ad
1412 1837 1559 1882 nuptias
1585 1838 1710 1871 sancte
1736 1835 1911 1870 ineundas

869 1891 905 1923 et
930 1890 975 1924 ad
1002 1890 1218 1924 adulterium
1244 1890 1456 1934 fugiendum
1482 1890 1659 1924 hortatur.

211 1944 301 1979 1560
396 1977 398 1992 r
510 1945 584 1980 Ian.
611 1945 667 1979 21.
785 1962 786 2002 ἶ
809 1943 911 1978 Dom.
938 1943 1000 1978 ΙΙΙ.
1026 1945 1108 1989 post
1134 1944 1198 1989 Ep.
1225 1944 1358 1978 ibidem
1376 1943 1606 1987 evangelium
1633 1942 1704 1977 diei
1726 1953 1910 1988 exponens

785 2012 786 2032 i
869 1997 1067 2031 doctrinam
1094 1998 1137 2032 de
1168 1997 1264 2040 „sola
1289 1997 1359 2032 fide
1385 1997 1622 2031 iustificante“
1653 1996 1798 2030 refellit.

211 2051 302 2086 1560
510 2052 585 2086 Ian.
613 2051 668 2086 25.
785 2060 786 2096 1
809 2050 916 2084 Festo
936 2050 1190 2085 Conversionis
1209 2050 1243 2085 S.
1264 2050 1369 2085 Pauli
1385 2050 1519 2085 ibidem
1537 2051 1580 2084 de
1597 2050 1676 2095 ipso
1694 2050 1787 2084 festo
1814 2049 1910 2084 dicit.

210 2105 302 2140 1560
510 2106 584 2141 Ian.
612 2105 668 2140 28.
785 2098 911 2140 JDom.
946 2104 1008 2139 IV.
1043 2106 1125 2149 post
1160 2104 1223 2150 Ep.
1251 2104 1385 2138 ibidem
1419 2104 1462 2138 de
1495 2103 1684 2147 evangelio
1720 2103 1790 2137 diei
1825 2102 1913 2137 dicit

785 2148 787 2192 Ι
869 2157 1058 2201 simulque,
1086 2158 1171 2202 quid
1198 2158 1241 2192 de
1266 2157 1370 2192 bonis
1401 2157 1569 2202 operibus
1591 2157 1818 2191 sentiendum
1853 2156 1910 2197 sit,

397 2247 399 2253 y
785 2234 786 2240 .
869 2222 1048 2256 exponere
1073 2211 1212 2256 incipit.

211 2266 303 2301 1560
510 2266 614 2301 Febr.
640 2266 673 2301 2.
784 2284 786 2291 =
809 2264 917 2298 Festo
935 2264 1200 2299 Purificationis
1217 2264 1258 2299 B.
1277 2264 1325 2299 M.
1344 2264 1388 2299 V.
1406 2264 1539 2299 ibidem
1565 2264 1608 2298 de
1633 2264 1773 2298 ratione
1798 2263 1913 2308 ipsius

785 2346 786 2359 ,
870 2317 940 2352 (1161
967 2318 1062 2352 dicit.

212 2373 303 2408 1560
397 2392 399 2400 ι
510 2374 614 2409 Febr,
639 2375 673 2409 4,
810 2371 911 2406 Dom.
938 2371 981 2405 V.
1009 2373 1091 2416 post
1116 2371 1179 2417 Ep.
1206 2371 1338 2406 ibidem
1366 2371 1556 2415 evangelio
1582 2371 1652 2405 diei
1678 2370 1843 2416 exposito
1869 2369 1912 2404 de

785 2441 786 2447 1
870 2424 1039 2470 operibus
1065 2425 1168 2460 bonis
1195 2425 1395 2459 infidelium
1422 2425 1517 2459 dicit.

213 2480 304 2516 1560
398 2483 400 2532 ξ
496 2481 600 2517 Febr.
630 2482 683 2515 11.
810 2477 912 2513 Dom.
940 2478 1236 2524 septuagesimae
1261 2478 1393 2513 ibidem
1419 2478 1462 2512 de
1487 2479 1581 2513 sacri
1608 2477 1707 2512 illius
1741 2476 1913 2522 temporis

870 2532 1009 2566 ratione
1035 2532 1121 2566 dicit
1147 2534 1185 2566 et
1209 2531 1439 2575 evangelium
1466 2531 1536 2566 diei
1562 2531 1607 2566 ad
1634 2531 1805 2565 bonorum
1833 2541 1913 2576 ope-

870 2597 951 2619 rum
975 2585 1231 2620 necessitatem
1263 2588 1299 2620 et
1331 2585 1526 2620 utilitatem
1561 2584 1820 2619 ostendendam
1854 2583 1913 2618 ad-

214 2695 306 2730 1560
498 2695 600 2730 Febr.
631 2695 685 2730 18,
786 2679 787 2700 ἢ
811 2639 1198 2736 Doglbesiexagesimae
1223 2692 1354 2727 ibidem
1381 2692 1424 2726 de
1459 2703 1562 2726 sacro
1595 2691 1657 2725 illo
1691 2693 1853 2736 tempore
1879 2692 1915 2725 et

872 2746 915 2780 de
942 2745 1130 2789 evangelio
1157 2745 1227 2780 diei
1253 2746 1350 2780 dicit.

215 2801 307 2836 1560
498 2802 602 2837 Febr.
629 2801 685 2837 25.
787 2850 789 2856 .
812 2799 913 2834 Dom.
941 2799 1268 2844 Quinquagesimae
1303 2801 1340 2833 et
1365 2799 1420 2833 die
1455 2799 1549 2833 festo
1577 2797 1611 2832 S.
1637 2797 1798 2832 Mathiae
1833 2809 1914 2843 apo-

873 2852 957 2887 stoli
983 2852 1115 2887 ibidem
1150 2853 1193 2887 de
1219 2852 1376 2893 Mathia,
1413 2850 1721 2893 Bacchanalibus,
1757 2850 1914 2892 Quadra-

877 2906 1017 2950 gesima
1043 2906 1140 2940 dicit.

216 2963 308 2998 1560
500 2962 604 2997 Febr.
631 2962 688 2998 28.
788 2985 790 2992 ,
813 2959 880 2994 Die
899 2959 1057 2994 cinerum
1076 2959 1164 2994 hora
1183 2959 1214 2994 7.
1231 2959 1410 2993 matutina
1427 2958 1464 2992 in
1482 2958 1635 2993 ecclesia
1658 2957 1692 2993 S.
1711 2958 1856 2992 Ioannis
1873 2958 1917 2992 de

875 3013 952 3047 eius
979 3013 1048 3048 diei
1073 3013 1212 3048 ratione
1230 3015 1266 3047 et
1283 3014 1382 3047 recto
1401 3011 1707 3055 Quadragesimae
1725 3023 1793 3046 usu
1819 3011 1915 3046 dicit.

215 3099 319 3138 1560
403 3124 405 3126 >
519 3097 664 3137 Martio
790 3091 793 3125 ἓ
816 3096 916 3134 Eius
945 3096 1227 3146 „Cateclu'smus
1249 3092 1424 3145 μινυῑιεα
1453 3109 1478 3134 α
1506 3095 1628 3133 Sociis
1655 3096 1828 3133 romanis
1858 3107 1916 3132 re-

404 3170 405 3174 *
876 3159 1121 3206 coynoscitur.
