2142 3455
714 150 897 185 Vormatia
926 150 957 184 6.
984 149 1191 184 Decembris
1221 150 1320 183 1557.
1817 153 1900 194 163

134 265 311 315 librum,
354 265 396 307 in
439 281 522 320 quo
563 267 679 310 fere³
711 281 878 309 summa
920 269 987 309 est
1020 266 1290 309 Christianae
1332 266 1578 317 doctrinae,
1621 270 1713 309 tam
1746 267 1903 310 leuiter

133 330 487 374 condemnarunt.
553 332 610 375 Et
642 332 696 374 ad
730 333 810 374 huc
843 331 911 386 qui
946 332 1006 373 sic
1040 331 1289 386 petulanter
1323 335 1527 385 egerunt,
1564 332 1699 374 uideri
1734 333 1899 382 uolunt,

133 395 328 437 modeste
361 398 405 438 et
437 397 586 439 ordine
619 399 776 439 cuncta
807 396 851 438 in
883 396 1096 450 colloquio
1134 396 1355 451 peregisse
1373 398 1400 439 1.

253 459 455 502 Adhaecb
488 465 583 504 erat
614 462 809 517 inprimis
841 461 1147 511 necessarium,
1182 461 1218 503 si
1251 461 1532 503 articulorum
1557 462 1729 505 collatio
1760 465 1901 505 rectec

134 528 179 568 et
201 524 368 567 Vtiliter
389 525 704 578 institueretur,
734 530 781 570 ut
803 527 917 570 inter
937 529 1086 581 partes
1109 526 1362 569 conueniret
1385 526 1437 568 de
1460 527 1622 581 primis,
1657 531 1705 570 ut
1728 531 1900 577 uocant,

135 590 369 644 principiis
406 605 587 644 quorum
620 592 823 646 vtrinque
856 606 959 634 suus
991 594 1035 634 et
1068 594 1212 634 certus
1246 594 1362 633 esset
1394 606 1497 633 usus
1530 592 1572 633 in
1604 593 1825 646 probando
1859 596 1903 635 et

135 654 436 698 confutandod.
472 656 565 706 Qua
588 657 640 699 de
662 672 709 699 re
733 672 827 699 cum
850 657 946 699 illos
963 656 1150 699 fideliter
1173 659 1216 699 et
1238 657 1281 698 in
1303 660 1498 711 tempore
1517 657 1902 707 admonuissemus,

134 720 451 774 responderunt
491 722 546 763 ad
589 722 909 765 controuersias
949 722 1048 764 fidei
1090 721 1354 763 dirimendas
1399 722 1600 764 sufficere
1642 722 1902 777 scripturam

135 785 439 840 Propheticam
482 789 526 828 et
562 786 881 841 Apostolicam,
924 787 1095 840 triaque
1136 787 1334 840 symbola
1349 787 1377 829 2.
1444 787 1524 829 Hic
1566 802 1716 829 rursus
1758 790 1904 830 osten-

136 850 365 901 debamus,
407 864 492 892 non
526 866 625 893 raro
668 852 919 903 usuuenire,
963 852 1219 907 praesertim
1261 852 1625 894 incalescentibus
1666 852 1765 894 hinc
1806 852 1905 894 inde

135 915 324 970 partium
347 916 700 959 contendentium
723 917 890 972 studijs,
924 920 973 960 ut
999 932 1106 972 opus
1129 917 1186 960 sit
1208 931 1385 972 prorsus
1407 917 1657 960 testimonio
1681 918 1905 959 Ecclesiae

137 981 398 1031 Catholicae,
432 983 642 1035 tanquam
675 983 943 1025 certissimae
974 982 1227 1038 interpretis
1260 982 1598 1037 scripturarum:
1634 983 1747 1036 quod
1779 982 1906 1025 testi-

137 1045 326 1088 monium
361 1046 484 1100 quasi
516 1047 772 1102 principium
805 1047 936 1102 recipi
969 1050 1124 1102 atque⁰
1157 1047 1360 1090 constitui
1396 1045 1628 1102 oporteatf.
1693 1048 1803 1089 Tum
1844 1047 1907 1088 illi

137 1111 475 1166 responderunt,
525 1112 687 1166 scripta
731 1113 989 1168 Prophetica
1036 1116 1080 1156 et
1127 1112 1380 1168 Apostolica
1427 1127 1512 1154 non
1560 1126 1655 1154 esse
1702 1111 1908 1166 ambigua

139 1175 268 1227 dicta,
302 1176 372 1218 uel
404 1191 606 1219 numeros
639 1178 886 1220 Platonicos
902 1179 930 1221 3.
995 1178 1075 1220 His
1113 1178 1295 1232 alijsque
1336 1177 1545 1219 similibus
1586 1177 1730 1219 uerbis
1764 1177 1908 1220 decla-

140 1244 373 1284 raueruntg
414 1242 547 1293 satis,
595 1257 671 1284 suo
711 1244 883 1297 quidem
926 1243 1076 1286 iuditio
1118 1243 1358 1297 scripturas
1399 1257 1495 1285 esse
1536 1242 1812 1297 perspicuas,
1859 1244 1908 1284 ut

141 1307 393 1362 interpretis
426 1307 694 1351 authoritate
726 1323 812 1350 non
844 1309 901 1351 sit
934 1323 1051 1363 opus.
1088 1322 1184 1350 cum
1217 1308 1391 1351 interim
1424 1323 1502 1350 sua
1531 1307 1723 1363 ipsorum
1745 1307 1909 1363 scripta

141 1386 449 1425 nonnunquam
472 1373 695 1415 Ecclesiae
717 1373 868 1416 iuditio
892 1373 1148 1416 submittere
1173 1373 1416 1424 uideantur,
1450 1377 1499 1416 ut
1530 1373 1613 1428 ipsi
1645 1375 1796 1428 aperte
1818 1372 1908 1415 suis

140 1437 260 1479 libris
292 1440 524 1481 testantur.
580 1439 664 1482 Sed
695 1438 947 1482 iudicabunt
979 1438 1105 1493 aequi
1138 1453 1351 1489 censores,
1385 1436 1633 1493 superioreh
1666 1441 1761 1481 arte
1794 1437 1909 1480 eludi

141 1517 227 1545 non
258 1516 407 1557 posse,
451 1504 564 1557 quod
596 1518 674 1546 nos
706 1504 750 1546 in
781 1501 959 1558 generei
991 1506 1035 1546 et
1066 1503 1313 1546 necessario
1355 1504 1526 1557 quidem
1565 1503 1907 1558 postulabamus,

141 1571 190 1611 ut
221 1570 397 1623 praeter
434 1568 694 1623 scripturam
727 1572 771 1612 et
804 1569 1029 1623 Symbola,
1073 1569 1315 1611 Ecclesiam
1357 1582 1525 1622 quoque
1556 1568 1740 1611 iudicem
1772 1582 1910 1622 agno-

141 1647 313 1676 scamus
335 1631 412 1676 ack
445 1632 666 1685 feramus¹,
701 1634 744 1676 in
765 1634 851 1688 ijs¹¹¹
882 1634 1084 1676 nimirum
1117 1634 1464 1677 contentionibus
1491 1648 1541 1676 ac
1565 1633 1908 1684 difficultatibus,

142 1713 253 1753 quae
297 1713 436 1752 neque
477 1699 788 1754 scripturarum
831 1699 937 1741 locis
983 1699 1170 1754 apertis,
1218 1713 1355 1753 neque
1400 1699 1635 1741 earundem
1679 1698 1910 1741 collatione

141 1764 385 1818 submouerj
398 1768 426 1815 ¹¹,
456 1767 506 1807 et
537 1765 739 1818 vtrinque
772 1779 798 1807 a
829 1765 1026 1819 partibus
1059 1764 1256 1819 componi
1288 1766 1483 1819 possunt.

260 1829 414 1884 Neque
461 1844 611 1872 uerum
660 1844 756 1872 esse
801 1831 1057 1872 conuincent
1101 1843 1316 1883 vnquam,
1365 1829 1479 1883 quod
1523 1829 1645 1871 nobis
1693 1829 1910 1883 affingunt

141 1898 326 1945 tamen0‚
359 1895 480 1937 uelut
512 1899 797 1946 asseramusp,
841 1895 1196 1938 consuetudinem
1230 1894 1501 1936 dissimilium
1533 1897 1799 1949 temporum,
1834 1897 1911 1937 aut

142 1960 453 2003 confusaneum
495 1960 710 2014 quendam
752 1975 1009 2003 consensum
1050 1974 1127 2015 pro
1159 1959 1369 2015 principio
1402 1962 1447 2002 et
1478 1973 1630 2002 norma
1661 1959 1800 2014 iuditij
1834 1960 1911 2002 ad-

141 2025 258 2069 mitti
291 2029 334 2068 et
366 2025 500 2080 recipi
532 2028 733 2080 oportere
749 2027 777 2069 4.
841 2025 1018 2081 Apertis
1051 2025 1164 2067 enim
1198 2025 1456 2078 disertisque
1487 2025 1633 2067 verbis
1664 2025 1909 2079 petiuimus,

261 2166 275 2180 ²
303 2172 388 2194 vere
414 2161 458 2195 F.
602 2159 617 2179 b
647 2159 774 2194 Adhuc
801 2161 847 2194 H.
992 2164 1003 2179 ⁰
1034 2159 1103 2194 rite
1129 2161 1172 2194 F.
1317 2157 1330 2178 ‘¹
1361 2158 1599 2204 computando
1625 2159 1668 2193 F.

261 2219 274 2234 θ
304 2225 346 2248 ae
372 2215 469 2248 certe
496 2214 538 2248 F.
684 2212 695 2233 f
727 2214 908 2258 oporteret
934 2213 980 2247 H.
1126 2218 1139 2237 ἕ
1163 2211 1394 2246 declararunt
1419 2213 1461 2246 F.

263 2266 276 2286 ¹¹
305 2266 481 2312 superiori
507 2268 563 2311 F.,
591 2267 636 2301 H.
781 2265 788 2286 ¹
825 2266 980 2309 ingenue
1007 2267 1054 2300 H.

263 2319 277 2339 ¹³
307 2323 343 2355 et
369 2321 423 2363 F.,
450 2321 497 2354 H.
644 2319 648 2339 ¹
684 2331 900 2364 quaeramus
926 2321 970 2354 F.
1116 2324 1137 2338 ¹¹¹
1157 2318 1214 2353 his
1241 2320 1283 2353 F.
1429 2323 1445 2338 ¹¹
1474 2317 1629 2362 intelligi
1654 2319 1696 2352 F.

261 2378 273 2393 ⁰
304 2375 345 2408 F.
373 2385 462 2408 om..·
486 2377 617 2408 tamen.
763 2379 778 2398 Ρ
805 2373 1026 2408 disseramus
1053 2374 1099 2407 H.

266 2499 276 2519 ¹
306 2497 522 2539 ,Modeste“‚
548 2497 717 2541 inquiunt
742 2496 849 2530 iidem
875 2494 1052 2538 theologi,
1084 2496 1139 2537 „et
1165 2494 1242 2528 sine
1269 2493 1344 2528 vlla
1369 2492 1670 2537 tergiuersatione
1697 2490 1910 2534 colloquium

143 2551 401 2593 inchoauimus‚
428 2553 465 2585 et
480 2562 630 2596 vprorsus
647 2549 737 2584 nihil
755 2549 945 2590 mouimus,
972 2548 1066 2593 quod
1085 2547 1145 2582 vel
1163 2547 1434 2582 distractionem
1453 2546 1609 2586 afferret,
1636 2544 1695 2578 vel
1713 2543 1912 2589 impediret,

144 2616 314 2650 praesens
348 2604 576 2639 institutum“
609 2603 810 2646 (Forum-us
840 2602 863 2637 1.
891 2614 919 2636 c.
954 2613 987 2646 p.
1017 2602 1095 2636 151.
1146 2602 1268 2644 Heppe
1302 2600 1324 2634 l.
1353 2611 1382 2634 c.
1418 2599 1453 2639 I,
1488 2598 1578 2633 Beil.
1604 2610 1637 2642 p.
1664 2597 1720 2632 43.
1776 2598 1913 2641 Corpus

144 2659 446 2702 Reformat0rnm7
473 2658 527 2692 ed.
558 2658 640 2692 Car.
672 2658 776 2691 Gottl.
803 2656 1084 2698 Bra-schneider,
1112 2654 1162 2688 IX
1189 2653 1307 2698 [Halis
1334 2652 1516 2687 Saxonum
1544 2650 1662 2695 1842]‚
1690 2650 1787 2694 388).

263 2712 276 2733 ²
303 2711 473 2757 Symbola
489 2710 760 2755 significantur:
778 2709 979 2749 nicaenum,
997 2705 1600 2750 nicaeno-eonstantinopolitanum‚
1619 2703 1911 2739 athanasianum:

143 2775 236 2810 quae
261 2776 356 2799 nunc
381 2775 522 2809 quoque
548 2775 569 2798 a
593 2762 811 2797 Lutheranis
837 2764 873 2796 et
904 2759 1161 2803 „Reformatis“
1192 2759 1423 2804 recipiuntur.

265 2818 278 2838 ³
307 2816 508 2862 ,Ἀριθμοὺς
527 2817 737 2862 elev-wem&
759 2814 1016 2849 Melanchthon
1034 2812 1273 2856 significabat,
1301 2823 1390 2855 quos
1407 2810 1512 2845 Plato
1531 2821 1611 2845 cum
1630 2809 1706 2844 suis
1723 2809 1912 2854 speciebus

146 2870 328 2914 iungebat.

265 2924 278 2944 ⁴
309 2922 445 2964 ,Meliti
470 2924 555 2957 sunt
579 2921 776 2966 aduersarij
804 2919 1086 2959 distractionem,
1117 2920 1153 2952 et
1178 2929 1338 2952 normam
1365 2917 1484 2962 iudieij
1512 2915 1703 2950 manifeste
1730 2915 1912 2957 iniustam,

147 2977 184 3010 et
200 2975 393 3010 absurdam
410 2976 682 3020 proposuerunt,
708 2973 879 3008 videlicet
895 2971 1190 3007 consuetudinem
1209 2970 1438 3005 dissimilium
1457 2968 1805 3014 [dissimillimorum]
1823 2971 1912 3004 tem—

148 3040 292 3073 porum,
328 3039 434 3072 quam
460 3027 645 3062 nominant
669 3029 882 3072 perpetuum
909 3025 1094 3060 Ecclesiae
1120 3035 1349 3066 consensum,
1386 3035 1466 3058 cum
1492 3022 1826 3057 manifestissimum
1853 3023 1912 3064 sit,

148 3081 281 3117 multos
298 3083 462 3116 recentes
478 3080 624 3122 abusus,
650 3082 686 3114 et
703 3079 816 3114 falsas
834 3078 1026 3124 opiniones,
1051 3077 1183 3123 puriori
1203 3077 1377 3112 vetustati
1395 3087 1543 3122 prorsus
1561 3076 1714 3120 ignotas,
1738 3075 1912 3121 paulatim

148 3135 186 3170 in
207 3134 273 3170 hac
293 3133 406 3169 delira
423 3133 545 3168 mundi
562 3135 721 3174 senecta,
748 3132 783 3166 in
800 3131 964 3167 Ecclesia
983 3129 1200 3175 [ecclesiam]
1219 3131 1427 3176 irmpsisse‘
1444 3144 1451 3165 :
1477 3129 1649 3173 Theologi
1667 3132 1913 3175 protestantes

1563 3191 1634 3222 11*
