2142 3455
196 279 309 322 1559

208 489 299 525 1559

201 574 313 615 1559

212 720 302 755 1559

212 774 302 808 1559

215 909 316 947 1559

216 1044 306 1079 1559

218 1151 308 1186 1559

213 1288 324 1330 1559

214 1419 326 1460 1559

224 1565 314 1599 1559

225 1618 315 1652 1559

227 1724 318 1760 1559

228 1832 320 1866 1559

228 1885 318 1920 1559

228 1991 319 2026 1559

229 2046 319 2080 1559

230 2152 320 2187 1559

230 2260 321 2294 1559

232 2366 323 2401 1559

233 2420 324 2455 1559

235 2527 325 2561 1559

236 2580 327 2615 1559

235 2633 326 2669 1559

237 2740 329 2775 1559

231 2823 342 2866 1559

241 3036 343 3074 1559

245 3111 335 3146 1559

700 152 791 188 1558
817 152 916 197 Sept.
943 151 974 185 6.
1001 169 1046 174 —
1075 148 1166 183 1559
1193 146 1274 182 Oct.
1300 146 1334 181 8.

497 273 657 316 Martio

427 485 559 521 Martio
587 485 742 519 exeunte

517 568 656 624 Aprili

456 716 522 751 sub
549 716 635 759 Apr.
664 712 718 746 15.

454 770 540 814 Apr.
567 768 604 802 et
628 764 724 800 Maio

537 902 643 941 Maio

523 1037 598 1072 Mai
625 1037 657 1071 9.

404 1146 405 1161 ¹
422 1146 488 1181 sub
515 1144 657 1179 initium
676 1141 768 1176 Iunii

512 1280 605 1323 Iun.
641 1281 680 1322 9.

409 1448 410 1454 ,
463 1412 554 1454 Iun.
589 1410 677 1464 (14.
693 1408 731 1463 5³)

520 1558 597 1592 Iun.
625 1557 681 1591 24.

411 1607 413 1659 ζ
462 1611 562 1646 Iunio
589 1612 744 1645 exeunte

413 1675 415 1750 i
524 1718 600 1752 Iun.
627 1717 685 1752 29.

415 1803 416 1825 ³
433 1825 499 1860 1u1.
517 1825 578 1869 (2.,
593 1826 634 1858 ut
648 1823 775 1867 videt.)

530 1878 595 1912 Iul.
623 1877 679 1912 22.

530 1984 596 2019 Iul.
624 1985 679 2019 25.

530 2038 595 2073 Iul.
624 2038 680 2072 30.

434 2147 601 2190 Augusto
635 2144 781 2179 ineunte

532 2252 626 2296 Aug.
653 2252 686 2286 6.

520 2360 614 2403 Aug.
644 2359 700 2394 10.

522 2414 615 2456 Aug.
645 2413 699 2447 15.

523 2521 617 2563 Aug.
644 2520 701 2554 24.

536 2574 633 2619 Sept.
662 2573 694 2607 8.

522 2627 620 2672 Sept.
648 2627 706 2660 21.

523 2734 620 2779 Sept.
648 2733 705 2768 29.

531 2818 627 2861 Oct.
664 2819 701 2860 1.

428 3040 430 3072 i
540 3028 703 3069 Octobri

553 3107 632 3142 Oct.
660 3106 692 3141 8.

1733 153 1900 182 XXXVII

803 269 931 325 Apud
964 268 1189 323 episcopos
1211 263 1440 320 pecuniam
1469 260 1634 315 colligit
1666 273 1744 314 pro
1778 258 1903 300 domo

863 335 907 376 in
951 347 1075 376 usum
1119 343 1358 386 pauperum
1403 325 1761 370 scholasticorum
1804 335 1904 364 con—

865 398 1072 442 ducenda.

806 479 977 526 Dilingac
1003 491 1067 524 per
1092 479 1202 513 breve
1228 479 1372 521 tempus
1398 475 1568 509 moratur.

807 562 1071 619 Ingolstadii
1119 562 1171 602 14
1221 559 1312 602 dies
1358 558 1403 600 in
1448 554 1680 599 Societatis
1726 550 1908 604 collegio

868 630 1028 671 manet.

809 708 1015 755 Augustam
1042 706 1252 741 revertitur.

810 764 899 798 Cum
927 760 1080 795 Antonio
1108 758 1263 800 Quadrio
1299 757 1342 791 de
1381 755 1533 798 collegio
1569 754 1605 788 in
1630 751 1736 786 Valle
1771 750 1911 785 Tellina

870 814 1053 850 condendo
1080 813 1165 857 agit.

811 900 943 937 Libris
975 897 1203 947 quibusdam
1231 893 1418 932 Stanislac'
1448 891 1560 928 Hosio:
1593 890 1806 939 qermanz'ce
1834 899 1914 924 ver-

873 958 994 996 tendis
1026 969 1179 1006 opermn
1212 955 1288 992 dat.

815 1032 1021 1079 Capitulum
1056 1030 1264 1066 cathedrale
1292 1027 1476 1063 Canisium
1510 1024 1640 1060 summi
1675 1021 1800 1067 templi
1836 1032 1916 1054 con-

872 1087 1087 1121 tionatorem
1115 1096 1135 1118 a
1162 1083 1286 1118 Lainio
1313 1080 1462 1126 expetit.

816 1140 981 1176 Canisius
1009 1150 1088 1173 cum
1114 1137 1186 1171 ΡΡ.
1214 1135 1375 1170 Victoria
1401 1135 1438 1168 et
1462 1132 1596 1167 Lanoio
1623 1130 1666 1164 de
1701 1128 1808 1163 rebus
1840 1138 1917 1172 pro-

877 1193 1016 1228 vinciae
1035 1191 1069 1226 S.
1090 1191 1123 1225 J.
1142 1189 1356 1225 Germaniae
1374 1185 1571 1233 superioris
1591 1182 1742 1219 consilia
1768 1180 1917 1216 confert.

817 1277 857 1320 A
897 1275 1171 1319 Ferdinando
1213 1273 1246 1316 I.
1289 1273 1341 1314 de
1382 1271 1512 1313 rebus
1553 1265 1778 1321 religionis
1819 1277 1920 1306 con-

878 1342 1046 1385 sulitur.

819 1408 887 1451 Ab
921 1408 1082 1450 Ottone
1115 1403 1325 1447 cardinali
1366 1402 1611 1454 augustano
1649 1396 1924 1440 contionator

881 1471 1092 1516 ecclesiae
1124 1467 1387 1513 cathedralis
1417 1463 1738 1521 pronuntiatur.

824 1554 1089 1591 Contionatoris
1116 1563 1246 1586 munus
1273 1549 1525 1585 administrare
1551 1544 1687 1590 incipit.

825 1607 975 1652 Collegii
1003 1605 1199 1651 germanici
1224 1603 1366 1638 nomine
1399 1599 1574 1636 cardinali
1601 1596 1726 1632 Ottoni
1761 1593 1924 1640 etsprin-

885 1661 1024 1706 cipibus
1051 1659 1242 1704 supplicat.

824 1716 891 1750 Die
916 1714 1010 1749 festo
1038 1712 1098 1747 SS.
1126 1711 1225 1746 Petri
1260 1712 1296 1745 et
1320 1708 1426 1744 Pauli
1462 1719 1480 1742 e
1516 1705 1647 1742 summi
1683 1702 1810 1748 templi
1844 1711 1926 1744 sug-

886 1771 993 1813 gestu
1018 1766 1213 1812 primatum
1240 1764 1274 1799 S.
1301 1763 1402 1798 Petri
1427 1761 1644 1807 propugnat.

826 1818 1095 1868 Ingolstadium
1122 1819 1198 1853 abit
1223 1818 1268 1852 ad
1293 1828 1352 1851 res
1379 1814 1524 1858 collegii
1550 1810 1832 1848 constituendas.

826 1875 892 1909 Die
917 1875 1011 1908 festo
1038 1873 1072 1908 S.
1092 1872 1228 1907 Mariae
1246 1870 1486 1914 Magdalenae
1508 1866 1697 1913 Augustae
1727 1864 1764 1898 in
1789 1873 1928 1898 summo

887 1927 1022 1973 templo
1049 1926 1286 1961 contionatur.

827 1974 894 2017 D'ie
920 1982 1013 2016 festo
1040 1980 1075 2015 S.
1102 1979 1222 2014 Iacobi
1248 1977 1401 2023 apostoli
1426 1975 1558 2010 ibidem
1585 1972 1824 2008 contionatur.

828 2035 1015 2071 Dominica
1040 2033 1101 2068 XI.
1138 2035 1219 2078 post
1254 2032 1495 2066 Pentecosten
1526 2028 1564 2062 in
1599 2026 1682 2062 aula
1716 2020 1932 2058 Ferdinandi

890 2088 1048 2124 caesaris
1075 2086 1314 2122 contionatur.

829 2143 1151 2187 Archiepiscopum
1186 2139 1495 2181 salisburgensem
1530 2135 1575 2169 ad
1610 2133 1742 2178 stipem
1780 2128 1932 2173 collegio

891 2195 1098 2241 germanico
1123 2193 1339 2227 mittendam
1365 2190 1522 2225 adducit.

831 2250 1019 2285 Dominica
1044 2247 1124 2281 Xll.
1160 2248 1241 2292 post
1275 2244 1516 2279 Pentecosten
1552 2241 1590 2275 in
1624 2250 1763 2275 summo
1798 2235 1933 2281 templo

893 2304 935 2338 de
961 2301 1215 2336 iustificatione
1241 2298 1339 2333 dicit.

833 2357 940 2391 Festo
967 2356 1001 2390 S.
1028 2353 1213 2389 Laurentii
1237 2352 1370 2387 ibidem
1396 2349 1633 2386 contionatur.

834 2411 941 2445 Festo
976 2406 1245 2453 Assumptionis
1278 2406 1318 2440 B.
1345 2404 1483 2439 Mariae
1509 2402 1552 2436 V.
1588 2400 1722 2435 ibidem
1757 2398 1800 2433 de
1835 2395 1936 2431 cultu

895 2463 1056 2498 eiusdem
1082 2461 1319 2496 contionatur.

834 2518 942 2552 Festo
969 2515 1003 2551 S.
1030 2513 1298 2549 Bartholomaei
1324 2509 1479 2557 apostoli
1504 2508 1636 2543 ibidem
1662 2506 1759 2541 dicit.

836 2571 942 2605 Festo
968 2568 1184 2604 Nativitatis
1209 2567 1250 2602 B.
1276 2565 1415 2600 Mariae
1442 2564 1486 2597 V.
1512 2562 1644 2596 ibidem
1671 2558 1907 2595 contionatur.

836 2625 943 2659 Festo
971 2623 1004 2658 S.
1030 2621 1211 2656 Matthaei
1236 2617 1390 2665 apostoli
1416 2617 1452 2652 in
1478 2627 1618 2651 summo
1643 2612 1779 2658 templo
1805 2609 1938 2645 contio—

896 2680 1023 2718 natur;
1059 2675 1231 2710 ieiunium
1267 2673 1437 2717 quattuor
1470 2672 1674 2715 temporum
1700 2663 1938 2701 commendat.

837 2732 945 2767 Festo
971 2730 1005 2765 S.
1031 2728 1222 2763 Michaelis
1248 2724 1458 2769 archangeli
1482 2723 1614 2758 ibidem
1641 2719 1878 2756 contionatur.

841 2816 964 2858 Dom.
997 2813 1090 2855 XX.
1130 2814 1230 2866 post
1261 2810 1386 2852 Pent.
1428 2806 1588 2849 ibidem
1629 2800 1941 2847 contionatoris

900 2893 1056 2922 munus
1072 2877 1246 2932 proprie
1260 2874 1534 2929 auspicatur3
1559 2871 1795 2926 praecepta
1813 2868 1942 2910 deca-

901 2944 990 2999 logi
1022 2943 1242 2998 explicare
1276 2938 1440 2994 incipit.

842 3028 1089 3066 Breviarium
1117 3028 1376 3074 azcyzcstcmum
1404 3020 1639 3070 recoqnoscit.

842 3103 944 3138 Dom.
963 3101 1059 3136 XXI.
1086 3102 1167 3146 post
1187 3099 1290 3133 Pent.
1316 3097 1354 3132 in
1379 3107 1519 3132 summo
1536 3093 1672 3140 templo
1691 3093 1734 3128 de
1753 3089 1942 3135 evangelio

903 3155 974 3191 diei
1000 3157 1036 3190 et
1061 3154 1104 3189 de
1129 3151 1352 3201 necessitate·
1367 3150 1642 3196 praeceptorum
1660 3145 1824 3189 decalogi
1843 3143 1941 3179 dicit.
