2142 3455
211 171 358 200 XXXVI

287 273 376 307 1558

276 670 389 710 1558

283 815 374 849 1558

275 899 388 940 1558

275 1031 388 1072 1558

283 1176 374 1210 1558

282 1283 374 1317 1558

282 1336 374 1371 1558

276 1420 388 1462 1558

282 1566 373 1602 1558

274 1759 386 1800 1558

282 1983 384 2021 1558

273 2191 386 2232 1558

282 2337 372 2372 1559

273 2476 387 2517 1559

282 2555 373 2590 1559

282 2681 384 2719 1559

283 2874 373 2909 1559

275 2963 387 3004 1559

283 3109 374 3143 1559

673 155 732 190 ΙΙΙ.
769 155 927 190 Tabulae
955 156 1228 200 chronologicae
1257 158 1353 192 vitae
1381 157 1526 195 Canisii.

586 270 683 317 Sept.
712 272 742 307 6.

551 461 669 516 Sept.
708 463 773 503 19.

491 542 597 587 paulo
620 544 711 587 post.
738 540 835 586 Sept.

636 596 691 629 19.

491 667 608 721 Sept.
630 668 833 710 {zo—30.

571 812 668 858 Sept.
697 813 753 849 29.

505 896 624 951 Sept.
660 898 729 940 29.
768 921 818 925 —

577 962 672 1006 Oct.
707 964 746 1006 3.

491 1028 586 1071 Oct.
604 1027 677 1081 (3.,
702 1031 751 1071 ut
770 1027 835 1069 vi-

589 1093 733 1147 detur)

593 1174 673 1209 Oct.
701 1175 733 1208 6.

577 1281 656 1316 Oct.
687 1281 741 1315 12.

577 1334 657 1369 Oct.
686 1335 739 1369 17.

488 1419 608 1476 (post
639 1420 749 1470 Oct.‚
787 1420 835 1460 ut

567 1485 759 1538 videtur)

577 1567 656 1602 Oct.
685 1567 742 1601 26.

509 1757 686 1801 Octobri
719 1756 811 1799 fere

567 1824 755 1866 exeunte

512 1985 683 2021 exeunte
713 1994 815 2020 anno

555 2190 658 2232 Dec.
696 2191 762 2232 14.

527 2337 693 2373 Ianuario
719 2336 794 2371 fere

601 2390 718 2425 medio

547 2475 672 2517 Febr.
710 2475 777 2516 10.

505 2568 526 2591 a
552 2556 653 2590 Febr.
683 2555 740 2590 21.
770 2554 821 2600 (5³)

600 2610 644 2644 ad
671 2609 726 2644 25.

490 2694 513 2719 a
543 2680 657 2718 Febr.
688 2681 749 2718 21.
787 2679 835 2717 ad

632 2740 694 2778 25.

575 2874 682 2909 Mart.
708 2875 742 2909 4.

469 2965 590 3005 *ante
612 2963 743 3006 Mart.
767 2963 832 3005 11.

489 3107 594 3142 Mart.
611 3107 678 3150 23„
693 3107 761 3149 24„
776 3108 833 3142 25.

885 272 1132 308 Ferdinandus
1152 274 1176 308 I.
1205 285 1329 308 caesar
1348 275 1464 316 edicit,
1491 279 1531 311 ut
1550 276 1714 313 Canisius
1733 281 1778 319 et,
1798 291 1888 323 quos
1907 279 1983 325 ipse

944 326 1101 368 miserit,
1139 327 1230 361 Socii
1268 327 1301 361 in
1338 327 1603 373 provinciarum
1639 343 1783 366 suarum
1820 332 1983 367 ecclesiis

945 379 1056 414 libere
1083 380 1282 414 contionari
1309 381 1483 416 sinantur.

885 461 1081 504 Canisius
1114 461 1413 505 Vindobonam
1445 464 1699 518 ingreditur.

885 541 1076 577 Societatis
1108 543 1274 578 iuvenem
1301 544 1464 588 graviter
1495 546 1673 581 tentatum
1708 550 1907 584 tentatione
1944 550 1982 584 li-

943 595 1056 631 berat.

884 668 1202 711 Ferdinandum
1227 669 1257 712 1.
1284 669 1375 712 adit
1408 670 1531 724 eique
1554 685 1623 713 res
1656 673 1864 725 quasdam
1895 675 1983 716 col—

943 734 1045 787 legii
1078 734 1413 777 vindobonensis
1446 737 1731 780 commendat.

884 815 923 849 P.
952 817 1288 851 Aemsterodamum
1315 819 1478 851 extrema
1504 818 1671 852 unctione
1697 818 1824 853 munit.

884 899 1045 941 Caesar
1077 899 1246 942 Canisio
1288 899 1445 942 iterum
1478 899 1547 954 (ac
1579 900 1710 943 tertio
1723 900 1760 955 P)
1800 906 1984 957 excepto

944 979 1104 1007 arcana
1137 965 1428 1008 conscientiae
1461 966 1615 1020 aperit.

884 1029 1079 1072 Canisius
1122 1045 1217 1072 cum
1259 1031 1410 1073 nuntio
1452 1031 1690 1087 apostolico
1733 1035 1776 1075 et
1814 1033 1860 1075 P.
1894 1033 1983 1074 Do—

943 1095 1098 1137 minico
1132 1095 1336 1149 Mengino
1372 1096 1412 1138 S.
1446 1097 1486 1139 J.
1529 1096 1572 1138 in
1610 1097 1832 1140 Poloniam
1877 1097 1982 1141 abit.

885 1175 1049 1211 Canisius
1083 1179 1232 1221 totaque
1259 1177 1420 1211 Societas
1456 1189 1476 1211 a
1512 1177 1733 1212 Ferdinando
1759 1178 1785 1213 I.
1814 1178 1984 1214 Poloniae

942 1229 1017 1273 regi
1046 1232 1082 1264 et
1107 1230 1253 1274 reginae
1280 1242 1343 1276 per
1368 1230 1510 1265 litteras
1537 1231 1841 1266 commendantur.

882 1279 1095 1317 cracoviam
1132 1283 1292 1318 veniunt.
1344 1283 1509 1319 canisius
1536 1284 1761 1329 dyssenteria
1796 1285 1982 1329 affligitur.

882 1336 1064 1370 Andream
1082 1337 1357 1382 Zebrzydowski
1376 1337 1580 1382 episcopum
1601 1338 1869 1372 cracoviensem
1896 1338 1983 1374 adit.

882 1418 951 1460 Ad
969 1420 1132 1462 clerum
1155 1422 1199 1463 et
1220 1420 1552 1464 universitatem
1570 1435 1809 1463 sermonem
1834 1421 1981 1465 habet.

884 1565 1027 1601 Canisio
1054 1568 1200 1601 auctore
1218 1567 1465 1601 Ferdinandus
1492 1567 1517 1601 l.
1545 1567 1614 1612 ipsi
1641 1568 1842 1612 ceterisque
1869 1567 1984 1603 Sociis

944 1619 1168 1654 doctoratum
1194 1620 1436 1664 theologicum
1465 1620 1662 1660 confirmat,
1690 1620 1733 1654 ab
1760 1621 1838 1665 ipsa
1866 1620 1982 1655 Socie-

942 1675 1018 1707 tate
1045 1673 1104 1707 vel
1130 1673 1167 1707 in
1193 1674 1328 1708 exteris
1354 1673 1548 1708 academiis
1574 1679 1772 1719 acceptum.

883 1756 1080 1800 Canisius
1128 1772 1223 1800 cum
1271 1756 1420 1799 nuntio
1469 1756 1686 1800 Loviciam
1736 1758 1791 1800 ad
1842 1757 1984 1799 archi-

944 1822 1191 1877 episcopum
1246 1836 1534 1876 gnesnensem
1591 1825 1635 1865 et
1689 1822 1788 1864 inde
1845 1822 1985 1865 Pion·-

944 1887 1109 1930 coviam
1142 1888 1197 1930 ad
1230 1887 1405 1930 comitia
1437 1887 1559 1941 regni
1591 1888 1891 1942 proficiscitur.

881 1981 982 2019 Socii
1029 1982 1252 2019 colonienses
1293 1981 1440 2019 Canise'e'
1482 1982 1675 2031 „Parvmn
1717 1982 1984 2020 catechismum

941 2038 1244 2079 Catlzolc'eorunst
1274 2041 1321 2078 ab
1348 2047 1499 2079 auctore
1529 2043 1687 2079 missum
1721 2042 1983 2079 excudendum

941 2106 1089 2139 curant.

883 2188 1078 2230 Canisius
1093 2187 1366 2230 Piotrcoviae
1385 2202 1480 2230 cum
1494 2188 1644 2230 nuntio
1662 2187 1982 2242 Sigismundum

943 2254 1190 2307 Augustum
1222 2267 1371 2307 regem
1404 2253 1507 2296 adit.

884 2334 971 2369 Cum
999 2347 1091 2369 novo
1119 2335 1386 2380 archiepiscopo
1422 2334 1615 2379 gnesnensi
1647 2336 1684 2368 et
1709 2345 1790 2368 cum
1816 2333 1984 2379 episcopo

943 2388 1101 2433 plocensi
1129 2389 1171 2422 de
1198 2388 1360 2432 collegiis
1386 2388 1579 2423 condendis
1609 2387 1696 2432 agit.

884 2470 1076 2514 Comitiis
1110 2471 1320 2515 absolutis
1351 2471 1544 2527 Pragam
1575 2470 1873 2526 proficiscitur.

884 2551 923 2585 111
951 2551 1102 2595 collegio
1129 2552 1299 2597 pragensi
1325 2553 1495 2587 moratur.

885 2675 1220 2727 Commentarium,
1249 2690 1322 2727 quo
1340 2678 1524 2715 Bokemos
1543 2677 1594 2713 ad
1622 2677 1773 2713 domum
1797 2678 1984 2726 pauperi-

944 2736 1012 2773 bus
1046 2737 1262 2774 litterarum
1295 2737 1477 2774 studiosis
1508 2736 1807 2773 constituendam
1839 2737 1984 2785 excitet,

944 2796 1099 2844 scr-lbet,-
1128 2797 1194 2846 qui
1216 2796 1325 2845 prelo
1352 2796 1549 2833 subicitur.

885 2869 1155 2917 Ingolstadium
1182 2870 1340 2905 advenit.

883 2959 1127 3014 Augustam
1149 2957 1475 3001 Vindelicorum
1508 2957 1562 3000 ad
1595 2956 1769 3000 comitia
1791 2956 1983 3000 caesaris

941 3024 1060 3067 iussu
1093 3025 1226 3067 venit.

883 3106 1017 3149 Quater
1042 3106 1233 3152 postremis
1259 3104 1375 3140 tribus
1404 3103 1637 3139 hebdomadis
1672 3104 1819 3138 sanctae
1855 3101 1982 3138 diebus

942 3161 984 3194 de
1011 3160 1177 3205 passione
1204 3158 1339 3194 Christi
1365 3157 1602 3193 contionatur.
