2142 3455
432 175 589 210 Monum.
620 175 804 219 (vormat.)
835 177 912 212 135.
942 177 1120 221 (IL—16.
1149 178 1369 224 Septembris
1398 179 1516 223 1557.)
1771 182 1854 224 799

90 306 143 335 ne
185 291 430 335 dubitetis.“
499 292 557 334 Et
598 292 659 334 sic
700 293 824 335 finita
865 297 932 336 est
972 294 1079 336 haec
1124 295 1285 346 sessio,
1332 310 1442 349 quae
1486 296 1610 338 huius
1655 298 1853 351 colloquii

88 359 310 412 postrema
357 356 451 400 fuit.
525 357 757 399 Orationes
804 358 1000 412 integras
1048 360 1166 413 typis
1211 361 1441 415 descripsit
1484 362 1701 404 Forum-us-
1745 363 1771 406 l.
1818 378 1853 406 0.

87 437 128 477 p.
164 423 360 470 51-63;
394 421 629 463 summaria
661 426 922 476 posuerunt:
957 426 1075 477 Salis]
1107 425 1133 467 l.
1169 440 1202 467 c.
1234 425 1309 475 HI,
1345 428 1590 469 :zio—311.
1645 429 1852 470 Haberlin

88 487 114 530 l.
149 501 182 529 c.
207 486 282 537 ΙΙΙ,
309 487 556 529 294-296.
610 488 755 542 Heppe
787 487 813 529 l.
849 502 882 530 0.
908 488 940 538 Ι,
969 490 1212 532 190—191.
1268 492 1389 532 Biess
1420 491 1446 533 l.
1483 506 1516 534 0.
1541 506 1580 545 p.
1608 494 1853 536 219—223.

214 551 669 600 „Remunerationem“
698 552 817 593 illam
841 566 867 593 a
890 552 1223 596 Melanchthone
1257 555 1511 609 promissam
1545 557 1735 611 theologi
1759 572 1854 612 pro-

88 619 316 666 testantes,
351 616 423 670 qui
446 616 699 658 Vormatiae
732 621 990 671 supererant
1022 618 1081 669 (v,
1106 633 1237 673 supra
1269 634 1307 673 p.
1338 622 1431 662 141.
1464 622 1597 674 1644),
1633 623 1855 666 catholicis

89 681 402 737 praestiterunt
433 681 475 722 in
509 683 726 723 conventu
760 683 798 724 8.
835 681 1034 723 Octobris
1070 685 1181 725 1557
1216 684 1384 734 habito,
1419 686 1460 726 in
1494 700 1576 739 quo
1611 687 1665 728 ad
1697 688 1855 729 Canisii

88 745 327 788 orationem
368 746 497 797 haec,
540 749 716 800 praeter
758 745 868 796 alia,
914 748 1254 801 responderunt:
1308 750 1434 798 „Cum
1477 751 1674 804 proxima
1715 753 1854 796 oratio

88 811 268 854 alterius
300 811 438 866 partis
470 812 609 854 multa
642 811 911 864 congesserit
943 811 1085 854 aliena
1109 813 1162 854 ab
1195 813 1410 864 instituto,
1445 818 1489 857 et
1520 817 1657 858 multa
1690 818 1855 859 atrocia

88 875 277 919 conuitia
309 876 552 927 miscuerit,
596 876 880 918 iustissimum
915 880 1032 927 erat,
1077 891 1294 931 opponere
1326 879 1499 932 longam
1533 880 1854 934 refutationem,

87 941 162 984 sed
196 941 356 983 erimus
388 941 610 984 breuiores
652 944 696 984 et
736 942 1034 984 modestiores,
1070 977 1077 984 .
1113 978 1121 985 .
1165 943 1331 985 Causae
1372 944 1537 986 veritas
1570 946 1722 988 obruet
1755 961 1856 988 con-

88 1006 208 1056 uitia,
243 1021 353 1060 quae
386 1010 513 1050 extra
547 1021 722 1049 causam
755 1007 1006 1061 petulanter
1037 1011 1342 1062 asperguntur.
1373 1044 1381 1051 .
1408 1044 1415 1051 .
1449 1008 1728 1053 Architectus
1761 1026 1857 1054 ora-

86 1071 216 1115 tionis
248 1086 386 1126 nuper
418 1072 670 1115 exhibitae.
697 1107 705 1115 .
729 1072 842 1114 falso
874 1072 1155 1123 vociferatur,
1189 1087 1268 1115 nos
1302 1074 1353 1115 de
1377 1074 1555 1116 Patrum
1590 1076 1857 1119 authoritate

88 1137 330 1180 detrahere.
366 1172 374 1180 .
410 1172 417 1180 .
469 1137 701 1192 Speramus
735 1138 944 1180 Senatum
976 1137 1173 1192 Imperij,
1214 1138 1322 1180 haec
1362 1142 1512 1181 vestra
1542 1139 1770 1192 insidiosa,
1814 1144 1858 1184 et

88 1201 325 1256 sophistica
355 1203 592 1256 postulata,
626 1216 711 1244 non
743 1203 1027 1256 probaturum
1061 1217 1167 1245 esse.
1204 1238 1211 1246 .
1238 1239 1245 1246 .
1288 1204 1484 1247 Desinite
1515 1205 1663 1259 itaque
1695 1207 1857 1260 fingere

89 1266 347 1321 sophisticos
364 1269 633 1321 praetextus,
653 1267 708 1309 ad
726 1268 1064 1309 confirmandam
1081 1268 1336 1310 diabolicam
1354 1269 1495 1322 legem
1516 1269 1809 1326 [coelibatus]
1826 1306 1856 1315 ..

89 1332 296 1385 Magnum
338 1332 472 1386 igitur
503 1333 644 1374 scelus
682 1335 770 1381 est,
814 1334 1070 1375 confirmare
1111 1334 1252 1387 legem
1286 1332 1580 1390 [coelibatus]
1619 1371 1626 1378 .
1666 1372 1673 1379 .
1728 1337 1857 1378 Aliud

89 1397 309 1451 sophisma
350 1397 403 1439 de
445 1397 559 1439 dicto
594 1397 825 1452 Epiphanij
868 1412 1047 1452 prorsus
1087 1398 1297 1441 insulsum
1339 1399 1434 1442 fuit.
1469 1435 1477 1443 .
1512 1435 1520 1443 .
1569 1400 1619 1442 In
1660 1402 1858 1455 sequenti

89 1462 366 1505 cauillatione
398 1462 567 1520 malitia
597 1463 754 1517 potius,
791 1477 916 1516 quam
941 1463 1166 1506 insulsitas
1194 1464 1468 1519 conspicitur.
1494 1501 1502 1508 .
1529 1501 1536 1508 .
1572 1467 1732 1509 Contra
1755 1481 1857 1509 vero

89 1527 268 1570 dicimus
300 1542 386 1569 non
419 1541 514 1570 esse
546 1541 677 1570 verae
709 1528 932 1570 Ecclesiae
964 1529 1080 1571 ciues
1113 1529 1222 1580 illos,
1258 1530 1329 1583 qui
1361 1531 1520 1572 multas
1552 1531 1856 1586 blasphemias,

89 1593 298 1635 aduersus
330 1593 482 1644 Deum,
517 1595 561 1635 et
592 1593 706 1635 falsa
739 1594 958 1647 dogmata,
996 1597 1040 1637 et
1071 1595 1193 1637 Idola
1225 1596 1412 1637 scientes
1444 1596 1646 1647 retinent,
1681 1600 1726 1639 et
1757 1601 1858 1639 sunt

90 1657 340 1700 defensores
373 1658 728 1706 Parricidiorum,
771 1661 816 1701 et
847 1659 1073 1701 faedarum
1105 1660 1348 1711 libidinum,
1390 1661 1501 1702 hanc
1533 1662 1857 1716 responsionem

91 1723 346 1778 opponimus
379 1723 441 1765 illi
482 1724 713 1766 maledicto
757 1724 1078 1778 epiphonemati
1120 1725 1425 1768 declamatoris
1466 1726 1625 1777 nostri,
1669 1727 1739 1780 qui
1781 1728 1856 1777 ait,

90 1802 168 1830 nos
209 1789 396 1843 superba
437 1789 791 1843 praesumptione
833 1792 878 1832 et
917 1790 1106 1832 inuidiae
1147 1793 1191 1832 et
1228 1790 1514 1844 malignitatis
1546 1792 1675 1846 plena
1707 1792 1858 1835 existi-

90 1853 294 1904 matione,
329 1856 378 1896 vt
410 1853 491 1908 dijs
523 1854 695 1908 genitos
728 1854 883 1897 efferri.
911 1889 918 1897 .
945 1890 953 1898 .
989 1855 1182 1897 Crudelis
1208 1870 1454 1897 sarcasmus
1477 1859 1556 1906 est,
1591 1856 1745 1907 dicere,
1779 1872 1858 1899 nos

91 1918 234 1961 efferri
265 1918 403 1961 veluti
445 1919 526 1974 dijs
567 1919 776 1973 genitOS.“
845 1920 1247 1963 Commemorantur
1285 1920 1416 1963 etiam
1456 1922 1715 1970 „recentium
1747 1926 1858 1965 tem-

90 1998 240 2038 porum
274 1984 408 2035 idola,
442 1984 616 2027 ethnica
647 1985 975 2040 prophanitas“,
1015 1985 1171 2040 „impia
1203 1985 1409 2027 colluuies
1442 1986 1781 2029 sacrificulorum
1815 1990 1859 2030 et

89 2049 441 2101 monachorum“,
483 2049 684 2104 tyrannis
716 2050 939 2104 pontificia
972 2053 1054 2093 etc.
1119 2051 1273 2093 Totam
1306 2051 1546 2092 orationem
1578 2052 1723 2106 posuit
1755 2053 1857 2095 For-

89 2129 218 2157 ‘nerus
249 2115 277 2156 l.
312 2128 346 2157 c.
380 2129 420 2169 p.
457 2116 645 2166 89—96‚
680 2116 856 2158 brevem
891 2116 982 2157 eius
1015 2130 1226 2158 summam
1259 2117 1377 2171 Saliy
1408 2116 1434 2158 l.
1470 2129 1504 2158 c.
1539 2116 1614 2167 III,
1649 2118 1747 2160 318.

208 2206 389 2250 Quomodo
422 2208 500 2242 fieri
535 2208 711 2254 potuerit,
746 2210 787 2242 ut
819 2208 1026 2243 Vormatiae
1065 2208 1322 2243 catholicorum
1361 2210 1398 2242 et
1434 2209 1711 2253 protestantium
1750 2210 1858 2244 animi

89 2262 277 2306 tantopere
302 2261 396 2296 inter
421 2273 460 2296 se
487 2261 734 2307 discreparent
770 2264 806 2295 et
840 2261 1123 2303 concitarentur,
1159 2261 1291 2306 partim
1328 2273 1371 2295 ex
1407 2261 1609 2296 rumoribus
1645 2262 1858 2306 quibusdam

89 2315 327 2358 cognoscitur,
347 2326 436 2359 quos
453 2317 699 2360 protestantes
717 2317 842 2350 contra
860 2315 1057 2349 catholicos
1074 2317 1160 2349 tunc
1179 2314 1472 2349 disseminabant.
1502 2313 1656 2356 Quorum
1676 2328 1857 2350 rumorum

89 2367 255 2412 exempla
281 2367 403 2412 aliqua
428 2367 487 2402 hic
512 2381 622 2413 pono,
650 2380 696 2402 ex
722 2368 900 2409 fontibus,
928 2368 1020 2412 quod
1047 2368 1210 2412 equidem
1238 2368 1368 2408 sciam,
1403 2368 1559 2402 nondum
1586 2369 1691 2404 editis
1716 2370 1858 2405 hausta.

183 2420 356 2455 Kalendis
392 2420 608 2456 Octobribus
644 2433 674 2456 a.
705 2422 794 2456 1557
822 2423 857 2455 F
857 2422 1034 2455 7·1'ct⁷er1‘‹·ns
1059 2433 1124 2455 von
1151 2423 1215 2455 der
1246 2422 1394 2466 Themin-7
1429 2422 1488 2466 qui
1524 2422 1665 2456 nomine
1691 2422 1859 2469 Philippi,

89 2472 242 2508 Hassiae
267 2473 482 2518 landgravii,
510 2475 677 2519 colloquii
708 2475 946 2516 „auditorem“
976 2474 1117 2518 agebat,
1145 2474 1258 2508 eidem
1277 2474 1464 2509 Vormatia
1489 2475 1681 2520 *scripsit:
1714 2475 1781 2518 „Es
1805 2476 1859 2511 sol

89 2526 180 2561 auch
215 2526 279 2562 der
312 2527 426 2573 Bapst
453 2527 559 2572 [Paul
584 2527 660 2572 IV.]
697 2527 873 2573 gekoppft
908 2527 1043 2566 haben,
1079 2528 1146 2561 den
1183 2527 1349 2561 Cardinal
1384 2527 1630 2562 Hieronimum
1661 2529 1859 2571 Moronum,

89 2579 305 2626 Episcopum
331 2581 593 2622 Mutinensem,
620 2583 765 2626 propter
791 2580 1139 2615 Lutheranismuw.
1193 2580 1264 2623 (Ex
1291 2581 1536 2626 autographo,
1563 2582 1656 2626 quod
1684 2583 1739 2617 est
1764 2583 1858 2617 Mar-

90 2632 194 2677 burgi
220 2633 255 2668 in
281 2634 429 2669 archivo
455 2635 558 2678 regni
583 2634 778 2674 borussici,
805 2634 1144 2677 Religionssaehen,
1173 2633 1319 2668 Convol.
1352 2634 1703 2679 7,(3011οᾳΨοπηεώ.
1733 2637 1857 2671 1557‘.

207 2686 279 2722 Sub
323 2688 418 2722 idem
459 2690 603 2733 tempus
640 2693 844 2732 protestans
887 2688 1033 2731 quidam
1076 2687 1190 2721 amico
1236 2688 1376 2722 cuidam
1425 2687 1618 2732 (Georgius
1663 2689 1859 2725 Cracovius

92 2738 245 2783 Georgio
281 2741 407 2775 Maiori
442 2741 478 2775 in
514 2740 776 2785 „Postscripto“
816 2740 993 2785 epistulae
1019 2740 1205 2774 vormatia
1242 2740 1297 2775 30.
1323 2740 1544 2786 Septembris
1572 2742 1662 2776 1557
1697 2742 1741 2776 ad
1777 2754 1859 2777 eum

91 2792 194 2827 datae
206 2794 242 2837 5³)
269 2794 434 2839 scripsit:
467 2793 650 2836 „Lutetiae
676 2805 790 2838 nuper
815 2795 977 2827 mortuus
1003 2795 1058 2827 est
1086 2793 1286 2828 Canonicus
1312 2793 1528 2829 Parisiensis
1547 2794 1731 2836 Bicardus,
1758 2796 1859 2831 cuius

90 2856 218 2880 nomen
253 2847 343 2881 satis
378 2848 435 2881 est
469 2846 627 2886 celebre;
663 2857 745 2880 nam
781 2845 886 2880 valde
921 2857 1089 2889 magnam
1125 2846 1161 2880 in
1196 2846 1420 2881 Lutheranos
1458 2847 1649 2882 saevitiam
1687 2849 1858 2884 exercuit.

93 2897 179 2934 Eius
214 2899 367 2934 emortui
403 2899 559 2934 cadaver
596 2901 754 2933 erectum
781 2899 815 2932 in
842 2898 985 2943 publico
1012 2902 1078 2940 est,
1105 2900 1148 2934 ad
1176 2900 1269 2944 quod
1297 2900 1513 2935 confluentia
1538 2912 1609 2935 uno
1635 2901 1691 2935 die
1717 2901 1861 2937 circiter

93 2951 138 2986 50
159 2952 273 2986 millia
298 2952 481 2986 hominum
508 2951 616 2996 pedes
642 2951 674 2985 ei
701 2951 898 2986 deosculati
925 2954 1027 2992 sunt;
1055 2952 1079 2986 ii
1104 2964 1201 2994 vero,
1228 2953 1287 2997 qui
1314 2953 1522 2988 remotiores
1539 2954 1695 2994 fuerunt,
1720 2955 1862 3000 pileolis

93 3006 130 3039 et
154 3006 318 3039 vestibus
344 3005 483 3039 eminus
509 3004 737 3048 contigerunt
763 3015 906 3039 carnem
933 3005 1140 3047 cadaveris,
1176 3009 1284 3051 atque
1319 3006 1369 3040 ita
1403 3006 1485 3041 illas
1511 3007 1708 3042 deosculati
1739 3012 1861 3044 vestes

93 3058 292 3092 sanctiores
318 3069 398 3092 sese
424 3057 663 3091 crediderunt.
701 3057 859 3091 Tandem
888 3060 1094 3104 exemptum
1122 3071 1182 3094 cor
1207 3071 1309 3094 sacro
1336 3059 1512 3094 inclusum
1539 3063 1596 3095 est
1621 3061 1764 3103 ciborio,
1790 3074 1859 3097 non

94 3109 219 3150 aliter,
253 3121 360 3154 quam
395 3109 487 3144 solet
513 3112 656 3144 sacrata
682 3110 815 3144 includi
841 3110 979 3152 hostia,
1015 3114 1052 3146 et
1076 3124 1203 3147 nomen
1231 3112 1344 3158 ipsius
1369 3112 1404 3147 in
1431 3113 1593 3148 litaniam
1620 3114 1859 3150 Parisiensem

93 3162 245 3197 relatum
273 3165 339 3196 est.
378 3162 520 3203 ,Sancte
538 3162 699 3204 Bicarde,
726 3175 787 3198 ora
813 3175 877 3209 pro
902 3164 1035 3199 nobis!‘
1063 3165 1214 3208 Quidam
1242 3165 1453 3208 Germanus,
1481 3167 1574 3211 quod
1598 3167 1860 3203 intimationem
