2142 3455
222 159 301 200 112
802 155 881 190 2:30.
920 154 1086 191 Canis-ius
1113 156 1239 191 Iacobo
1266 157 1401 192 Lainio.

216 274 413 316 nimirum
448 287 498 315 eo
532 273 787 327 quibusdam
822 274 1053 328 operariis,
1098 289 1194 316 cum
1226 275 1425 326 tandem,
1469 277 1737 321 concinnatis
1775 277 1984 330 omnibus,

215 339 326 381 serio
360 338 521 381 fuerint
554 338 749 393 expetiti.
809 338 910 380 Non
943 341 1206 393 expetentur
1237 343 1396 391 autem,
1431 341 1603 396 opinor,
1646 347 1748 386 ante
1779 342 1986 385 Martium

213 403 471 458 proximum,
505 403 582 445 sed
614 402 909 458 praemonitos
941 406 1089 446 tamen
1121 418 1172 446 ac
1200 408 1487 458 praeparatos
1509 405 1583 449 isti
1604 412 1707 449 nos‘*
1739 407 1904 458 volunt,
1938 409 1988 450 ut

213 469 359 511 vocati
393 468 604 510 maturius
646 468 870 510 accedant.
934 469 1000 510 De
1040 483 1218 511 numero
1261 469 1570 513 mittendorum
1611 475 1741 516 antea
1773 471 1986 515 sollicitus

212 533 296 583 fui;
339 547 453 575 nunc
495 532 603 576 satis
644 532 891 586 intelligere
932 533 1105 585 videor,
1150 534 1266 576 haud
1298 534 1525 589 pauciores
1567 550 1695 590 quam
1727 536 1986 591 Ingolstadii

211 597 439 649 foventur,
483 598 527 640 in
568 598 648 640 hoc
691 612 860 652 quoque
902 598 996 640 loco
1040 599 1098 641 ali
1140 613 1279 654 posse.
1339 601 1550 643 Dominus
1587 602 1752 646 IESVS
1789 617 1868 658 pro
1906 615 1986 644 sua

212 663 378 717 ingenti
411 663 608 706 bonitate
639 663 846 718 respiciat
879 677 975 706 cum
998 664 1244 715 Bauariam‚
1278 667 1371 707 tum
1396 666 1673 709 Germaniam
1694 667 1739 710 in
1760 667 1827 710 his
1849 667 1986 710 tantis

212 729 452 780 aerumnis,
499 743 609 783 quae
643 729 759 771 mille
801 729 1043 771 animarum
1079 729 1314 785 perniciem
1357 731 1548 784 quotidie
1580 734 1680 787 post
1711 747 1758 775 se
1789 732 1984 776 trahunt.

330 794 500 836 Addam
533 794 586 836 de
618 795 808 837 Doctore
841 794 1016 846 Tilano,
1060 809 1187 849 quem
1221 809 1440 849 nunquam
1472 796 1720 840 arbitrabar
1760 811 1784 840 e
1816 797 1986 840 Vienna

211 860 401 913 Pragam
433 859 685 910 rediturum,
719 874 941 913 nouasque
967 860 1124 902 iterum
1153 861 1445 904 excitaturum
1467 862 1618 905 turbas
1642 863 1757 917 apud
1778 865 1988 918 patronos

213 924 413 978 Collegii,
456 927 506 967 ut
538 927 656 967 certe
688 939 846 978 magno
880 925 923 967 in
964 928 1084 968 metu
1124 925 1261 968 nostri
1301 926 1486 978 fuerint,
1534 930 1579 970 et
1619 928 1779 971 idcirco
1821 928 1877 970 ad
1916 941 1986 970 me

211 990 340 1032 anxie
373 990 639 1045 scripserint,
673 990 786 1033 sicut
809 993 853 1033 et
875 990 1066 1033 Rector1
1098 991 1188 1034 suis
1214 991 1374 1035 litteris
1396 992 1540 1036 isthuc
1562 993 1706 1036 missis
1730 992 1983 1036 declarauit.

212 1056 380 1098 Rursus
412 1056 518 1098 nihil
551 1056 692 1098 minus
725 1057 1034 1111 expectabam,
1070 1071 1199 1110 quam
1231 1057 1448 1100 hominem
1489 1058 1610 1101 illum
1643 1058 1806 1102 nostris
1836 1058 1984 1112 Ingol-

211 1121 342 1165 stadii
373 1122 605 1164 molestum
637 1121 744 1172 fore,
779 1124 824 1164 et
856 1136 952 1164 cum
985 1121 1135 1164 eodem
1168 1123 1385 1176 agendum
1415 1123 1484 1166 hic
1519 1139 1614 1167 esse
1646 1124 1762 1176 mihi,
1795 1127 1844 1168 ut
1876 1137 1982 1178 quo-

210 1201 293 1241 quo
326 1187 452 1230 modo
495 1201 693 1229 curarem
735 1187 876 1237 abire,
923 1187 995 1240 qui
1036 1187 1164 1230 nullis
1196 1188 1369 1243 placere
1400 1192 1572 1244 posset,
1618 1192 1663 1233 et
1693 1189 1816 1232 nobis
1849 1189 1982 1232 etiam

208 1252 413 1295 infamiae
446 1253 561 1307 apud
602 1253 760 1306 vulgus
801 1250 999 1295 futurusb
1040 1252 1263 1296 videretur
1281 1254 1310 1297 2.
1366 1254 1484 1304 Quae
1527 1255 1687 1298 dixerit
1728 1257 1772 1298 et
1812 1254 1980 1304 fecerit,

209 1318 298 1360 suis
330 1318 489 1361 litteris
521 1317 758 1361 testabitur
790 1317 837 1360 P.
862 1317 1146 1361 Covillonius:
1183 1333 1264 1373 ego
1297 1334 1394 1362 cum
1426 1320 1553 1363 minis
1585 1324 1630 1364 et
1661 1320 1840 1376 imperio
1872 1319 1978 1362 nihil

207 1386 372 1426 terrere
405 1387 482 1426 aut
513 1397 768 1438 permonere
801 1383 1017 1425 hominem
1050 1383 1112 1426 sic
1143 1384 1251 1427 satis
1282 1385 1553 1440 peruicacem
1585 1400 1770 1441 possem,
1809 1385 1979 1428 blandis

206 1449 383 1491 tandem
414 1448 638 1504 promissis
672 1448 816 1499 effeci,
858 1451 906 1492 ut
947 1449 1141 1491 sedatior
1179 1449 1324 1492 factus
1364 1450 1449 1493 iter
1479 1451 1801 1506 ingrederetur,
1847 1465 1978 1505 seque

206 1514 389 1556 Romam
422 1514 619 1556 conferre
651 1513 911 1569 promiserit.
975 1513 1139 1568 Exegit
1169 1514 1355 1567 litteras⁷
1399 1516 1552 1570 quibus
1585 1517 1700 1572 apud
1732 1517 1783 1560 R.
1817 1517 1865 1560 T.
1898 1530 1977 1571 pro

204 1579 298 1634 ipso
330 1579 668 1622 intercederem:
703 1579 868 1634 scripsi,
904 1581 949 1621 et
980 1579 1043 1621 illi
1069 1579 1298 1634 praelegi⁰‚
1332 1595 1386 1623 ne
1410 1581 1511 1635 quid
1534 1582 1766 1625 dubitaret.
1820 1582 1977 1624 Postu-

204 1644 315 1688 lavit
347 1644 554 1688 uiaticum
585 1644 654 1687 hic
686 1647 731 1687 et
763 1644 936 1687 Patavii
955 1645 992 1687 3:
1027 1644 1222 1687 dedimus
1254 1660 1332 1700 pro
1355 1646 1572 1690 tenuitate
1594 1650 1758 1700 nostra,
1792 1661 1888 1690 cum
1922 1661 1977 1689 ex

205 1710 523 1753 Viennensibus
565 1714 609 1753 et
650 1710 944 1764 Pragensibus
988 1710 1198 1753 fratribus
1238 1711 1335 1765 plus
1376 1712 1645 1765 emunxerit,
1689 1727 1816 1766 quam
1860 1711 1977 1766 quis-

205 1790 335 1829 quam
369 1775 520 1831 opinor
551 1775 662 1818 alius
693 1775 844 1830 possit.
909 1776 968 1818 Et
998 1775 1171 1819 litteras
1213 1776 1268 1819 ad
1305 1777 1536 1820 Rectorem
1571 1778 1832 1822 Patauinum
1851 1779 1869 1805 4
1900 1777 1977 1820 ad-

204 1841 347 1893 iunxi,
391 1841 545 1895 quibus
585 1855 747 1883 novum
787 1841 961 1884 Patavii
1001 1841 1209 1884 viaticum
1250 1842 1294 1884 in
1326 1842 1490 1885 Urbem
1531 1857 1667 1897 usque
1707 1843 1976 1898 impetraret.

206 1907 391 1949 Lucrum
424 1921 519 1950 esse
543 1906 858 1962 deputauimus,
894 1907 1100 1961 quidquid
1121 1907 1166 1949 in
1186 1907 1321 1959 illum,
1355 1908 1481 1951 modo
1504 1909 1658 1960 abiret,
1693 1908 1976 1959 contulimus3

205 1972 334 2015 veriti
365 1987 420 2014 ne
452 1971 565 2015 sicut
597 1971 830 2026 aliquando
853 1972 1057 2023 minatur,
1091 1972 1337 2027 tragediam
1359 1973 1482 2016 nobis
1508 1974 1725 2028 publicam
1748 1974 1976 2026 excitaret,

206 2041 254 2081 ut
286 2038 358 2092 qui
389 2052 444 2080 ne
476 2037 542 2080 sui
574 2038 745 2092 quidem
779 2051 955 2092 compos
987 2037 1167 2080 subinde
1199 2038 1393 2090 uidetur,
1436 2042 1481 2082 et
1512 2039 1588 2081 vix
1620 2042 1688 2083 est
1718 2039 1976 2083 tractabilis.

205 2103 366 2157 Igitur,
401 2104 492 2145 Deo
525 2103 640 2151 laus,
672 2103 799 2145 hodie
831 2103 904 2145 ille
937 2103 1137 2146 discessit
1168 2103 1230 2146 sic
1262 2104 1371 2147 satis
1403 2104 1635 2156 animatus,
1669 2118 1796 2159 quem
1828 2119 1976 2147 omnes

206 2169 401 2224 cupimus
433 2168 618 2224 primum
652 2183 698 2211 se
729 2168 871 2223 ipsum
903 2182 1109 2211 accusare
1141 2168 1286 2223 potius
1319 2184 1448 2224 quam
1480 2170 1610 2221 alios3
1654 2169 1808 2213 deinde
1840 2170 1902 2212 sic
1932 2170 1975 2212 in

204 2235 353 2277 schola
394 2234 665 2277 obedientiae
708 2234 889 2288 corrigi,
934 2236 984 2277 ut
1024 2248 1080 2276 ex
1112 2234 1290 2277 doctore
1331 2235 1588 2290 discipulus,
1634 2249 1690 2278 ex
1720 2235 1976 2291 philosopho

203 2300 474 2355 parvulus
505 2300 558 2341 in
581 2299 804 2342 Christo
824 2301 840 2327 5
867 2301 957 2352 fiat,
993 2302 1038 2342 et
1058 2299 1217 2353 ubique
1239 2299 1428 2354 sapiat
1460 2301 1524 2342 ad
1557 2300 1974 2344 sobrietatem&

322 2440 336 2454 ²¹
368 2436 427 2469 Sic
452 2446 509 2479 ast.
531 2437 666 2478 priam,-
690 2438 786 2469 uos?
931 2434 945 2454 b
968 2435 1131 2469 futurum
1157 2447 1215 2480 ap.
1239 2437 1355 2480 prius.

322 2494 333 2508 ⁰
363 2488 501 2534 perlegi
529 2500 585 2533 ap.
605 2490 727 2532 prius.

325 2618 334 2638 ¹
361 2617 400 2652 P.
428 2617 623 2651 Ursmarus
651 2616 872 2659 Goissonius,
899 2619 1018 2652 rector
1044 2618 1187 2662 collegii
1212 2617 1412 2663 pragensis.

322 2670 335 2691 '2
360 2670 451 2705 Vide
469 2682 577 2716 supra
596 2683 629 2715 p.
651 2671 729 2705 105.
764 2670 924 2712 Tilanus,
947 2671 1181 2706 Vindobonae
1205 2671 1424 2716 theologiam
1450 2671 1518 2707 sibi
1545 2672 1740 2707 docendam
1764 2674 1876 2714 ratus,
1903 2673 1973 2708 cito

201 2736 241 2758 eo
268 2724 471 2763 advolavit;
499 2725 537 2758 at
563 2724 622 2758 ubi
648 2723 684 2758 id
711 2736 732 2758 a
757 2724 908 2758 rectoris
925 2724 1061 2759 vicario
1088 2726 1303 2770 extorquere
1323 2737 1393 2759 nou
1411 2725 1537 2770 potuit,
1564 2726 1732 2770 neglecta
1749 2726 1973 2761 oboedientia

199 2776 355 2821 l’ragain
382 2777 497 2812 rediit.
541 2778 653 2819 Quem
680 2789 761 2812 cum
787 2779 906 2812 rector
931 2778 968 2812 in
993 2778 1186 2822 collegium
1212 2778 1371 2823 recipere
1397 2790 1461 2823 per
1479 2778 1670 2814 Societatis
1697 2779 1972 2815 constitutiones

200 2832 404 2873 vetaretur,
440 2831 589 2865 Tilanus
624 2831 718 2876 apud
745 2830 936 2866 Societatis
967 2831 1100 2866 amicos
1127 2843 1278 2876 magnas
1304 2831 1429 2866 turbas
1456 2832 1653 2875 excitavit,
1689 2833 1800 2868 donec
1825 2833 1971 2868 tandem

200 2884 365 2918 inductus
391 2886 457 2926 est,
483 2886 524 2918 ut
550 2883 811 2928 Ingolstadium
838 2884 954 2919 abiret
981 2884 1157 2928 (Schmidl
1182 2884 1204 2920 l.
1233 2897 1262 2920 c.
1290 2885 1316 2926 I,
1347 2885 1562 2929 111—113).

320 2938 332 2957 ³
358 2937 581 2979 Postulavit,
614 2939 654 2972 ut
679 2949 811 2972 novum
838 2938 1012 2973 viaticum
1037 2938 1105 2973 sibi
1132 2938 1289 2979 daretur,
1317 2950 1398 2972 cum
1423 2939 1459 2972 in
1486 2938 1613 2973 itinere
1639 2950 1784 2974 romano
1809 2939 1972 2974 venisset

203 2990 391 3024 Patavium
420 2990 611 3034 (Padova),
638 2991 698 3025 ubi
725 2991 918 3035 collegium
945 2991 1135 3026 Societatis
1162 2992 1340 3026 exstabat.

321 3045 332 3063 '¹
360 3044 399 3078 I'.
438 3044 606 3078 Ioannem
644 3045 847 3089 Baptistam
885 3045 1101 3079 Tavonum?
1152 3045 1191 3080 P.
1231 3044 1463 3080 Benedictum
1502 3045 1710 3080 Palmium‘?
1765 3045 1817 3080 Cf.
1860 3056 1970 3090 supra

203 3107 235 3139 p.
266 3096 363 3130 100⁷.

324 3150 336 3168 ⁵
364 3151 379 3183 1
410 3149 488 3185 Cor.
515 3151 547 3192 3,
576 3151 606 3185 1.
753 3152 766 3171 ⁶
791 3150 891 3187 Rom.
922 3151 975 3193 12,
1002 3151 1035 3186 3.
