2142 3455
609 146 651 180 ΙΙ.
688 146 913 181 Prooemium
940 145 1132 181 voluminis
1164 145 1312 180 secundi
1340 145 1416 190 (IV,
1444 145 1494 189 2).
1853 159 1934 187 XXI

162 265 332 320 impius,
365 266 549 321 populus
590 265 760 307 haeresi
802 267 1045 319 corruptus,
1110 265 1368 307 Vindobona
1408 264 1451 306 in
1494 264 1585 306 dies
1622 263 1763 317 magis
1795 263 1936 305 altera

163 331 449 384 Vitemberga
481 333 526 373 et
559 331 737 373 Gencva
770 330 881 373 effici
915 330 1100 373 videtur.

284 398 322 438 2.
355 396 404 438 In
438 396 519 438 hac
556 396 810 438 difficillima
851 409 993 437 rerum
1037 395 1287 437 condicione
1329 394 1430 448 quid
1470 393 1684 449 profuerit
1726 393 1937 435 ecclesiae

163 463 208 504 et
239 462 368 503 rebus
400 461 582 515 publicis
614 475 764 503 recens
797 463 900 502 tunc
934 463 1031 503 orta
1063 460 1259 503 Societas
1292 460 1412 510 Iesu,
1456 461 1630 501 constat
1668 472 1722 500 ex
1762 458 1936 500 laudi-

162 527 280 577 bus,
315 526 468 579 quibus
492 526 605 569 Socii
637 540 663 568 a
695 525 873 568 summis
904 525 1162 567 Germaniae
1195 525 1300 567 viris
1333 525 1671 567 extollebantur.
1726 523 1787 566 Ut
1819 537 1860 566 V.
1894 537 1935 576 g.

162 591 326 634 Doctor
358 591 542 633 Ioannes
575 591 802 645 Agricola,
845 590 1084 632 medicinae
1125 591 1347 644 professor
1387 589 1431 631 in
1472 589 1760 631 universitate
1797 588 1937 641 ingol-

162 656 372 698 stadiensi
404 657 655 710 praeclarus
688 658 732 698 et
765 655 955 697 eiusdem
990 654 1290 697 universitatis
1326 653 1644 707 ,‚camerarius“
1679 654 1771 695 sive
1805 666 1937 706 quae-

163 724 276 772 stor,
320 722 363 763 in
398 721 557 764 litteris
589 722 668 763 sub
701 735 740 763 a.
778 722 890 762 1558
924 720 979 762 ad
1011 721 1240 762 Albertum
1273 720 1326 762 V.
1360 720 1578 762 Bavariae
1620 719 1771 761 ducem
1806 718 1933 768 datis,

162 789 394 841 postquam
428 786 649 829 Sociorum
690 785 1097 839 ingolstadiensium
1138 785 1181 826 in
1215 785 1406 826 docendo
1440 788 1485 827 et
1517 784 1806 827 contionando
1840 783 1935 825 dili-

162 852 356 904 gentiam
408 851 629 901 laudavit,
688 851 749 892 sic
801 850 1102 904 prosequitur:
1167 849 1276 903 „Sye
1329 849 1472 892 seindt
1525 853 1648 892 sonst
1700 848 1783 890 viri
1834 848 1937 890 boni

163 918 373 972 exempli,
415 916 558 958 seindt
598 916 781 958 fromme
822 915 910 956 vnd
951 914 1072 956 aines
1113 917 1242 968 guetz
1284 915 1500 965 wandels,
1542 914 1613 955 ich
1654 914 1762 956 wais
1792 913 1936 955 nichts

163 982 277 1033 bosa
312 982 390 1024 das
422 981 551 1023 ihnen
583 995 634 1022 zu
663 981 882 1022 verheben
904 994 1033 1031 were,
1068 995 1116 1022 so
1149 980 1275 1021 leben
1297 994 1375 1033 sye
1397 979 1628 1032 kharglich
1650 979 1737 1020 vnd
1761 977 1935 1031 messig,

162 1047 307 1089 fasten
339 1047 417 1088 vill
448 1048 554 1088 etc.“
579 1048 593 1074 1
652 1046 797 1099 Atque
828 1046 921 1100 ipse
953 1046 1160 1088 Albertus
1194 1045 1282 1086 dux
1315 1045 1367 1086 de
1399 1045 1550 1099 primis
1583 1043 1755 1097 collegii
1786 1057 1936 1085 mona-

162 1112 304 1154 censis
337 1111 471 1154 Sociis
503 1111 732 1153 Monachio
767 1113 835 1154 27.
864 1110 975 1152 Iunii
1010 1112 1122 1153 1560
1157 1110 1212 1152 ad
1243 1110 1441 1152 Lainium
1474 1109 1772 1164 praepositum
1804 1122 1936 1162 gene-

161 1177 297 1219 ralem
331 1177 527 1231 scripsit:
569 1176 661 1227 „Ita
693 1190 740 1218 se
771 1176 909 1230 primo
943 1175 1094 1219 statim
1126 1175 1247 1218 aditu
1275 1177 1624 1229 composuerunt,
1659 1176 1710 1217 vt
1742 1176 1786 1216 et
1817 1173 1936 1216 vitae

162 1242 472 1293 sanctimonia,
515 1244 560 1284 et
599 1242 643 1283 in
685 1242 876 1283 docendo
914 1241 1026 1283 mira
1056 1240 1259 1294 felicique
1301 1241 1555 1290 alacritate,
1599 1242 1796 1282 caeteros
1835 1253 1937 1281 suos

161 1307 322 1351 fratres
354 1308 552 1361 Collegas
585 1307 956 1360 Ingolstadienses
987 1306 1195 1348 laudabili
1228 1306 1429 1360 quadam,
1464 1309 1508 1349 et
1530 1305 1754 1347 Ecclesiae
1777 1304 1936 1346 Catho-

160 1372 270 1414 licae
291 1372 525 1415 Vtilissima
548 1372 840 1414 aemulatione
873 1372 1046 1414 vincere
1068 1372 1182 1414 velle
1205 1372 1498 1414 viderentur.“
1520 1371 1537 1398 2
1580 1370 1880 1413 Ferdinandus
1902 1369 1934 1412 I.

160 1437 399 1492 imperator
439 1452 552 1479 anno
598 1439 710 1479 1558
755 1437 1018 1480 Societatem
1060 1436 1267 1479 Poloniae
1307 1437 1401 1490 regi
1444 1437 1574 1478 valde
1618 1434 1938 1478 commendavit

162 1505 295 1557 atque
327 1503 370 1545 in
402 1503 562 1545 litteris
594 1503 863 1545 fundationis
896 1502 1067 1556 collegii
1099 1502 1328 1557 pragensis
1361 1502 1506 1555 Praga
1541 1503 1608 1544 15.
1639 1500 1788 1544 Martii
1823 1501 1935 1542 1562

162 1568 297 1611 datis:
344 1569 435 1622 „De
467 1568 624 1610 Almae
657 1568 889 1611 Societatis
921 1567 1072 1619 Jesu“,
1113 1567 1275 1621 inquit,
1325 1567 1507 1621 „insigni
1547 1566 1713 1621 pietate
1755 1565 1937 1619 aliisque

160 1633 544 1676 innumerabilibus
585 1633 798 1676 virtutum
839 1633 1028 1685 meritis,
1080 1647 1160 1675 nec
1204 1647 1290 1674 non
1331 1633 1481 1674 sedula
1524 1636 1568 1675 et
1608 1630 1938 1686 incomparabili

163 1713 312 1741 eorum
352 1699 397 1740 in
437 1699 707 1741 instituenda
747 1699 989 1741 Juventute
1033 1701 1126 1741 tam
1166 1698 1357 1740 moribus
1402 1697 1674 1748 christianis,
1721 1711 1851 1751 quam
1893 1695 1938 1737 in

161 1764 285 1806 bonis
318 1764 457 1806 omnis
489 1764 662 1818 generis
699 1764 837 1807 literis
879 1764 1126 1817 diligentia,
1169 1764 1213 1805 in
1244 1763 1541 1817 habendisque
1573 1762 1849 1805 concionibus
1881 1762 1937 1803 ad

161 1830 366 1884 populum
397 1829 539 1884 ipsum
574 1830 855 1880 assiduitate,
898 1830 1133 1883 multorum
1173 1829 1257 1871 fide
1299 1829 1527 1882 dignorum
1558 1828 1771 1871 relatione
1805 1830 1937 1880 atque

162 1894 474 1949 experimentis
516 1895 812 1950 exemplisque
855 1895 1057 1937 Caesarei
1101 1894 1280 1948 Collegii
1312 1894 1544 1936 Societatis
1587 1894 1779 1948 ejusdem
1823 1892 1938 1946 quod

160 1960 308 2002 multis
326 1963 428 2002 ante
446 1960 572 2002 annis
593 1960 809 2004 Viennae.
828 1995 836 2003 .
855 1996 864 2003 .
886 1960 1167 2011 instituimus,
1193 1960 1335 2002 edocti
1353 1958 1542 2002 sumus.“
1564 1960 1580 1987 3
1612 1958 1750 2001 Simili
1766 1957 1937 2000 ratione

160 2024 345 2067 Ioannes
367 2025 510 2076 Fabri,
546 2026 707 2068 ordinis
729 2026 1100 2076 Praedicatorum,
1135 2025 1399 2068 cathedralis
1431 2024 1641 2067 ecclesiae
1663 2025 1937 2077 augustanae

161 2091 458 2142 contionator,
501 2105 527 2134 a
559 2091 695 2134 Sociis
736 2091 957 2145 germanis
997 2091 1270 2134 iuventutem
1311 2091 1445 2145 probe
1483 2091 1639 2145 pieque
1678 2088 1851 2132 institui
1893 2091 1937 2131 et

161 2156 337 2198 educari
377 2171 490 2199 anno
526 2158 639 2199 1558
671 2157 715 2199 in
752 2157 861 2199 libro
904 2157 1154 2211 germanice
1196 2156 1312 2199 edito
1355 2155 1544 2199 asseruit
1576 2155 1709 2208 (infra
1740 2169 1781 2209 p.
1816 2154 1934 2207 907).

160 2221 326 2264 Eodem
356 2221 449 2264 fere
481 2225 678 2276 tempore
711 2222 902 2277 episcopi
934 2222 1177 2277 complures
1210 2221 1326 2275 iique
1365 2221 1531 2276 pietate
1564 2223 1609 2263 et
1641 2220 1840 2263 doctrina
1870 2219 1937 2261 in-

159 2286 327 2340 signes,
373 2288 495 2330 velut
537 2287 641 2330 Otto
684 2288 923 2330 Truchsess
965 2287 1018 2330 de
1058 2287 1304 2340 Waldburg
1345 2286 1579 2329 cardinalis
1621 2289 1666 2329 et
1707 2286 1936 2340 episcopus

161 2355 455 2406 augustanus,
504 2353 662 2395 Daniel
706 2353 894 2395 Brendel
941 2352 1292 2407 archiepiscopus
1340 2355 1384 2395 et
1428 2352 1592 2394 elector
1638 2349 1934 2404 moguntinus,

160 2417 369 2460 Nicolaus
417 2418 581 2461 Olahus
628 2418 979 2473 archiepiscopus
1027 2418 1355 2472 strigoniensis,
1404 2417 1590 2460 Ioannes
1635 2414 1935 2458 Przerembski

159 2482 511 2538 archiepiscopus
542 2483 817 2537 gnesnensis,
850 2483 1037 2526 Michael
1070 2484 1122 2525 de
1154 2483 1395 2536 Kuenburg
1427 2481 1776 2537 archiepiscopus
1809 2480 1935 2522 salis-

160 2548 411 2601 burgensis,
454 2549 628 2591 eosdem
663 2548 811 2591 Socios
852 2563 1085 2602 germanos
1126 2549 1179 2591 ad
1223 2548 1409 2602 collegia
1450 2548 1495 2590 in
1536 2546 1804 2589 dioecesibus
1845 2545 1935 2587 suis

160 2613 465 2656 constituenda
503 2613 753 2656 invitabant
792 2614 864 2656 vel
905 2614 1038 2657 etiam
1080 2614 1362 2656 vehementer
1402 2613 1640 2666 urgebant;
1686 2611 1811 2654 multi
1852 2610 1936 2652 viri

159 2692 332 2732 graves,
366 2679 494 2730 docti,
528 2693 632 2722 vere
665 2679 869 2722 catholici
895 2694 1043 2722 eorum
1075 2679 1238 2722 amicos
1271 2693 1317 2721 se
1349 2681 1500 2733 aperte
1522 2677 1852 2732 profitebantur,
1886 2679 1936 2719 ut

159 2743 377 2787 Antonius
393 2745 507 2787 Brus
529 2745 581 2787 de
601 2745 797 2798 MuglitZ,
820 2744 1037 2788 Martinus
1059 2745 1246 2796 Cromer,
1270 2744 1455 2786 Ioannes
1479 2744 1688 2797 Gropper,
1715 2742 1934 2784 Gerardus

282 2879 293 2900 ¹
319 2879 420 2913 Flor.
447 2879 548 2913 Riess
574 2878 609 2914 S.
635 2880 679 2921 J„
705 2879 779 2914 Der
803 2879 918 2922 selige
943 2878 1075 2913 Petrus
1102 2878 1269 2913 Canisius
1297 2877 1489 2922 (Freiburg
1514 2877 1537 2911 i.
1555 2877 1617 2911 Br.
1645 2875 1752 2920 1865)
1782 2888 1816 2921 p.
1837 2875 1932 2910 1632.

281 2932 294 2953 ²
320 2933 445 2966 Matth.
464 2933 631 2967 Raderus
648 2932 682 2967 S.
703 2933 724 2967 J
729 2961 748 2974 .,
774 2932 826 2966 De
853 2932 929 2966 vita
955 2932 1056 2966 Petri
1083 2932 1217 2967 Canisii
1244 2931 1287 2965 de
1306 2931 1485 2965 Societate
1503 2931 1586 2965 lesu
1607 2929 1802 2974 (Monachii
1823 2929 1930 2973 1614)

160 2997 194 3030 p.
220 2985 374 3020 96—97.
425 2987 575 3020 Ioannis
600 2987 819 3020 Adlzreitter
844 2985 1039 3020 Annalium
1066 2986 1196 3020 Boicae
1223 2984 1352 3019 Gentis
1378 2984 1507 3019 Partes
1533 2984 1595 3026 ΙΙΙ,
1622 2983 1686 3018 Ed.
1713 2983 1734 3017 2
1763 2983 1932 3028 (Franco-

158 3039 247 3073 furti
272 3040 316 3074 ad
345 3039 512 3073 Moenum
541 3038 661 3083 1710),
687 3039 727 3073 P.
755 3039 786 3081 2,
813 3039 836 3073 l.
867 3039 920 3080 11,
947 3051 980 3073 n.
1010 3039 1052 3073 15
1083 3038 1164 3083 (col.
1191 3039 1291 3082 269).
1341 3037 1433 3072 Vide
1460 3038 1565 3080 infra,
1591 3049 1746 3072 monum.
1777 3037 1855 3071 194.

281 3093 294 3114 ³
320 3094 363 3127 F.
390 3094 431 3126 B.
458 3103 523 3126 ron
549 3093 741 3137 Bucholtz,
777 3091 994 3127 Geschichte
1029 3092 1092 3126 der
1117 3092 1326 3136 Regierung
1350 3091 1553 3126 Ferdinand
1588 3091 1651 3126 des
1677 3091 1818 3126 Ersten.
1864 3089 1931 3124 Ur-

159 3145 423 3181 kunden-Band
452 3145 577 3190 (Wien
606 3145 712 3190 1838)
739 3157 774 3191 p.
801 3146 890 3188 6693
917 3148 954 3180 et
978 3145 1061 3181 vide
1087 3146 1190 3188 infra,
1217 3157 1372 3180 monum.
1402 3146 1480 3181 158.
1509 3146 1588 3181 159.
