2110 3412
154 148 202 176 VI
938 136 1131 171 Praefatio.

152 252 222 293 vel
256 251 577 294 commentariis
611 252 662 294 de
696 253 786 295 eius
820 253 1018 296 laudibus
1059 255 1102 296 111
1145 255 1259 297 foliis
1301 257 1481 310 publicis
1521 261 1760 319 libellisque
1805 268 1916 321 peri-

153 321 286 364 odicis
319 322 532 376 vulgatis.
576 324 645 365 vel
691 323 964 366 contionibus
998 326 1357 368 extraordinariis
1390 328 1570 382 aliisque
1601 336 1735 378 sacris
1768 338 1918 381 officiis

152 392 378 435 institutis
444 394 580 436 Gallis
613 395 847 448 Belgisque
881 395 1038 437 Canisii
1071 397 1164 440 vita
1196 397 1353 451 gallico
1396 412 1592 444 sermone
1633 410 1732 450 ante
1773 410 1918 452 oculos

152 463 296 518 posita
328 467 396 507 est
428 479 560 519 opera
584 466 633 507 R..
658 466 704 508 l'.
729 466 937 508 Ludovici
961 467 1117 510 Michel
1140 468 1181 512 S.
1206 469 1245 511 J.
1271 469 1427 522 grandi
1450 469 1713 527 biographia,
1747 483 1916 522 centum

152 536 244 577 fere
285 535 546 589 imaginibus
586 537 804 580 historicis
846 538 1072 591 eleganter
1113 540 1331 594 expressis
1374 544 1542 585 ornata.
1606 543 1655 585 In
1696 549 1916 603 vulgarem

153 620 322 660 quoque
355 622 479 649 usum
512 608 795 663 biographiae
828 610 1006 661 breves,
1051 611 1296 662 cantiones,
1330 612 1565 666 imagines,
1609 614 1741 658 libelli
1771 633 1918 673 preca-

151 677 317 719 tionum
352 679 511 721 Canisii
543 679 718 722 honoris
751 695 882 723 causa
915 684 985 724 sat
1017 696 1176 735 magno
1209 698 1387 725 numero
1431 684 1628 738 evulgati
1669 690 1780 730 sunt.
1842 691 1919 734 His

154 749 356 791 volumen
390 750 471 792 hoc
504 751 706 805 adiungo.

271 828 470 872 Iamvero
504 845 599 872 cum
634 831 903 874 canisianum
935 832 1048 874 hunc
1081 832 1238 875 librum
1280 848 1392 876 311110
1426 835 1585 877 03111511
1627 835 1840 877 saeculari
1881 838 1922 880 in

151 900 291 942 lucem
324 901 489 953 emitto,
523 906 713 945 mentem
747 903 991 945 recordatio
1025 903 1141 946 subit
1163 904 1344 947 duorum
1366 906 1558 948 virorum
1580 906 1673 948 vita
1694 906 1780 948 iam
1803 906 1925 949 func-

150 974 316 1023 torum,
352 972 445 1026 qui,
487 973 603 1016 inter
635 974 760 1016 vivos
793 977 990 1028 agentes,
1026 975 1185 1018 eximia
1216 975 1259 1017 in
1292 977 1477 1020 Beatum
1510 977 1727 1019 Canisium
1759 977 1925 1032 pietate

150 1041 425 1086 ferebantur:
472 1045 760 1088 Doctissimus
800 1046 872 1088 1110
915 1049 958 1089 et
990 1047 1379 1090 reverendissimus
1411 1048 1651 1091 Ioannes
1683 1049 1709 1091 J
1723 1063 1925 1091 anssen

151 1116 196 1156 et
228 1115 509 1159 vehementer
543 1118 747 1171 optabat,
794 1120 842 1160 ut
875 1117 1034 1160 Canisii
1067 1118 1280 1172 epistulae
1312 1118 1355 1160 in
1396 1120 1536 1162 lucem
1578 1121 1835 1172 ederentur,
1882 1124 1925 1163 et

151 1185 330 1228 editioni
362 1189 455 1229 tum
490 1188 765 1230 consiliorum
799 1192 843 1231 et
876 1190 1298 1232 commendationum
1341 1190 1610 1244 frequentia,
1655 1194 1747 1234 tum
1791 1193 1926 1234 dona-

150 1257 318 1300 tionum
350 1259 617 1303 liberalitate
650 1261 774 1314 quasi
806 1261 923 1302 viam
955 1261 1138 1312 stravit,
1185 1261 1314 1303 simili
1355 1261 1619 1305 liberalitate
1652 1265 1696 1305 et
1728 1263 1924 1318 hospita—

150 1328 276 1372 litate
325 1331 718 1374 excellentissimus
769 1336 813 1375 et
869 1332 1257 1374 reverendissimus
1304 1332 1514 1375 Dominus
1570 1334 1633 1375 Dr
1686 1334 1924 1376 Ioannes

151 1400 508 1445 Christianus
541 1404 708 1455 Boos,
743 1404 893 1446 Ioanni
916 1405 1105 1446 Janssen
1138 1408 1287 1447 vetere
1319 1404 1493 1447 iunctus
1529 1405 1732 1455 amicitia,
1767 1409 1811 1448 et
1841 1420 1924 1459 quo

150 1474 347 1526 tempore
379 1473 719 1529 limburgensem
753 1475 1053 1530 episcopatum
1086 1477 1292 1529 regebat,
1339 1478 1383 1518 et
1424 1478 1656 1530 postquam
1697 1477 1752 1518 ad
1785 1476 1925 1518 archi-

151 1543 441 1599 episcopalem
475 1547 620 1588 sedem
654 1546 972 1600 friburgensem
1007 1547 1216 1598 ascendit,
1250 1548 1462 1590 editorem
1494 1550 1751 1602 prosecutus
1784 1551 1863 1590 est.

269 1620 357 1663 Alii
402 1637 571 1677 quoque
615 1624 658 1666 in
702 1624 784 1666 hoc
828 1624 1047 1666 volumine
1092 1625 1334 1678 colligendo
1383 1628 1427 1668 et
1474 1625 1731 1668 illustrando
1778 1624 1925 1667 multis

149 1691 391 1736 rationibus
423 1709 491 1737 me
524 1696 808 1746 adiuverunt,
853 1710 1035 1749 quorum
1076 1697 1306 1739 nonnullos
1346 1696 1391 1738 in
1430 1697 1540 1738 libro
1572 1696 1666 1751 ipso
1699 1695 1788 1738 suis
1819 1696 1924 1738 locis

148 1763 393 1816 nominabo;
418 1781 566 1809 omnes
589 1767 845 1810 nominatim
867 1781 1096 1810 recensere
1119 1768 1295 1821 longum
1320 1771 1400 1811 est.
1444 1768 1527 1810 Hic
1549 1767 1723 1810 honoris
1748 1770 1792 1810 et
1810 1767 1925 1821 grati

151 1835 283 1877 animi
315 1836 586 1891 significandi
619 1853 751 1881 causa
774 1838 947 1881 nomino
972 1838 1360 1882 eminentissimum
1383 1839 1647 1882 cardinalem
1668 1838 1925 1881 Francis-

151 1919 264 1947 cum
298 1907 359 1950 de
393 1909 733 1961 Schonborn,
769 1909 1141 1965 archiepiscopum
1167 1910 1406 1965 principem
1427 1924 1700 1965 pragensem,
1735 1910 1926 1952 eminen-

150 1976 365 2021 tissimum
398 1981 663 2024 cardinalem
694 1981 968 2023 Andrean]
1002 1981 1342 2024 Steinhuber
1366 1982 1406 2024 S.
1430 1982 1485 2032 J.,
1519 1981 1926 2023 reverendissimum

151 2052 195 2091 et
232 2049 573 2094 illustrissimum
605 2053 837 2095 Dominum
875 2052 1159 2106 Ignatium
1202 2054 1262 2095 de
1304 2053 1632 2106 Senestrey,
1676 2051 1926 2106 episcopum

149 2120 509 2175 ratisbonensem,
544 2123 953 2166 reverendissimum
985 2124 1036 2166 D.
1071 2124 1439 2166 Adalbertum
1472 2125 1588 2166 Dun
1600 2123 1688 2176 gel
1720 2123 1769 2165 O.
1796 2123 1835 2165 S.
1861 2123 1925 2174 B„

150 2192 477 2237 archiabbatem
499 2195 812 2249 gotvicensem,
835 2195 1243 2237 reverendissimum
1265 2197 1316 2238 D.
1341 2196 1583 2238 Ioannem
1604 2195 1691 2237 Ev,
1716 2195 1850 2236 Prun
1861 2208 1926 2245 er,

151 2264 414 2308 cathedralis
459 2267 669 2309 ecclesiae
715 2266 1001 2321 eystettensis
1044 2266 1357 2321 praepositum.
1427 2265 1751 2308 Humanissime
1796 2265 1928 2308 etiam

151 2335 320 2378 codices
353 2340 398 2380 et
429 2337 562 2380 libros
594 2338 698 2380 mihi
731 2337 1122 2393 suppeditaverunt
1145 2339 1387 2393 complures
1410 2337 1686 2380 archivorum
1709 2340 1753 2380 et
1775 2336 1927 2379 biblio-

150 2406 375 2450 thecarum
407 2409 642 2464 praefecti,
686 2411 730 2452 et
761 2409 952 2451 maxime
984 2409 1044 2451 ill.
1078 2410 1130 2451 D.
1164 2409 1482 2451 Edmundus
1522 2408 1667 2450 liber
1699 2409 1831 2450 baro
1865 2407 1926 2449 de

153 2476 256 2519 Oef
264 2479 368 2531 ele,
415 2480 580 2523 archivi
624 2480 748 2533 regni
792 2480 983 2523 bavarici
1030 2480 1242 2531 director,
1297 2480 1356 2523 ill.
1407 2481 1500 2523 DD.
1544 2480 1607 2521 Dr
1650 2478 1926 2521 Henricus

152 2562 318 2602 eques
370 2551 432 2594 de
472 2551 773 2605 Zeissberg
815 2555 859 2594 et
902 2553 965 2594 Dr
1004 2551 1278 2605 Georgius
1321 2552 1382 2594 de
1422 2551 1762 2601 Laubmann,
1804 2549 1924 2604 pala-

151 2620 270 2663 tinae
318 2622 606 2666 bibliothecae
654 2623 990 2665 vindobonensis
1039 2626 1083 2666 et
1127 2623 1275 2676 regiae
1322 2622 1610 2665 bibliothecae
1657 2619 1924 2664 monacensis

152 2694 340 2746 supremi
374 2694 685 2745 moderatores,
719 2695 771 2738 D.
796 2696 858 2736 Dr
887 2695 1118 2737 Carolus
1144 2693 1432 2747 Augustus
1464 2693 1703 2744 Barack,
1738 2692 1924 2734 director

153 2763 441 2807 bibliothecae
474 2765 861 2820 argentoratensis.

273 2842 530 2884 Gratissimo
553 2843 696 2885 animo
719 2843 826 2885 haec
848 2856 1024 2885 moneo:
1060 2842 1288 2896 Copiosum
1311 2841 1445 2892 illum,
1470 2855 1598 2894 quem
1619 2840 1700 2882 hoc
1722 2837 1921 2880 volumen

154 2912 368 2963 continet,
409 2913 616 2964 „indicem
649 2913 970 2968 alphabeticum
1003 2913 1223 2955 nominum
1257 2916 1300 2956 et
1331 2915 1500 2955 rerum“
1539 2911 1663 2962 mihi,
1706 2922 1781 2964 per
1814 2905 1921 2949 alias

154 2984 460 3038 occupationes
492 2985 721 3039 impedito,
755 2999 781 3027 a
812 2985 1050 3027 reverendo
1085 2984 1130 3027 P.
1165 2983 1402 3038 Iosepho
1434 2983 1479 3025 M
1491 2983 1642 3025 artin
1676 2981 1715 3023 S.
1748 2978 1787 3020 J.
1821 2976 1920 3018 sub—

153 3054 447 3098 ministratum
489 3069 606 3106 esse,
650 3069 756 3110 opus
799 3058 916 3097 certe
958 3055 1137 3097 maximi
1178 3054 1339 3097 laboris
1381 3053 1671 3108 egregiaeque
1712 3046 1918 3092 caritatis.

154 3126 340 3169 Multum
393 3127 564 3169 omnino
613 3126 742 3169 etiam
797 3127 932 3169 debeo
981 3126 1271 3181 compluribus
1319 3125 1415 3168 aliis
1463 3121 1693 3167 Societatis
1745 3120 1918 3160 nostrae
