2142 3455
228 185 342 212 XXIV
673 170 714 204 ΙΙ.
751 169 978 205 Prooemium
1005 170 1198 205 voluminis
1224 171 1369 204 secundi
1400 171 1476 215 (IV,
1504 172 1553 215 2).

227 289 454 340 Augustae
496 287 817 330 Vindelicorum
859 302 1006 330 mense
1047 289 1155 330 Iulio
1198 289 1299 330 anni
1335 290 1446 331 1559
1489 304 1644 331 munus
1686 288 2000 333 contionatoris

227 352 438 394 ecclesiae
471 352 736 394 cathedralis
769 353 1043 406 auspicatus,
1088 353 1237 395 eodem
1272 367 1385 395 anno
1418 354 1515 408 plus
1548 356 1626 402 40,
1661 358 1706 397 et
1738 370 1850 397 anno
1887 356 1999 397 1560

227 431 383 458 novem
416 418 636 459 mensibus
670 420 725 459 90
759 432 981 460 sermones
1014 432 1161 460 sacros
1194 419 1348 469 habet,
1384 433 1543 471 eosque
1575 421 1667 461 tam
1698 434 1919 475 prospere,
1952 422 2001 462 ut

227 482 311 523 iam
345 496 448 524 vere
490 483 590 524 anni
627 484 739 524 1560
774 483 1011 537 capitulum
1053 483 1305 526 cathedrale
1344 483 1500 526 testari
1531 484 1670 538 possit
1711 486 1869 527 Canisii
1902 499 2001 527 con-

225 546 415 589 tionibus
439 550 523 589 900
546 547 742 589 homines
768 548 822 589 ad
855 548 1065 590 ecclesiae
1099 548 1417 591 oboedientiam
1449 549 1652 591 reductos
1685 564 1792 593 esse.
1848 551 2001 593 Strau—

227 612 384 665 bingae
417 626 587 666 quoquc
621 612 892 655 contionibus
924 613 1225 666 frequentibus
1267 628 1344 668 per
1376 628 1454 655 sex
1486 614 1780 657 hebdomadas
1812 630 1850 658 a.
1888 616 2000 657 1558

227 677 387 719 habitis
428 678 634 731 populum
679 692 705 719 a
745 679 1106 732 protestantismo
1148 679 1372 721 retrahere
1411 682 1606 722 conatur.
1671 680 1881 722 Tabernis
1924 680 2001 722 Al-

227 742 368 785 satiae
412 742 539 785 festis
583 743 796 785 natalitiis
838 758 876 786 a.
924 745 1035 786 1557
1078 745 1315 798 parochum
1359 744 1465 797 agit.
1530 744 1848 787 Catechismum
1889 745 2002 787 Vor-

228 807 410 858 matiae,
458 807 691 857 Tabernis,
738 808 834 850 aliis
878 808 985 850 locis
1030 809 1174 863 pueris
1219 810 1424 864 explicat.
1489 809 1689 863 Friburgi
1730 810 2000 863 Brisgoviae,

228 873 471 924 Selestadii‚
505 873 759 924 Colmariae,
795 874 986 916 Rubeaci
1020 877 1102 917 etc.
1131 875 1367 916 catholicos
1401 875 1652 917 consolatur
1683 877 1728 917 et
1760 876 2001 918 confirmat.

233 938 445 988 ,Parvum
496 938 805 981 catechismum
850 939 1213 990 Catholicoruin“,
1267 940 1424 981 librum
1468 955 1644 994 precum
1692 940 2001 994 germanicum,

227 1003 419 1045 libellum
453 1004 504 1045 de
532 1004 744 1057 colloquio
767 1004 1051 1046 vormatiensi
1075 1005 1320 1047 conscribit.
1375 1005 1594 1048 Stanislao
1618 1006 1767 1056 Hosio,
1802 1005 2003 1060 episcopo

228 1068 484 1119 varmiensi,
529 1072 572 1111 et
613 1069 657 1110 in
697 1069 818 1111 libris
860 1069 1036 1111 edendis
1077 1073 1122 1112 et
1163 1070 1206 1111 in
1247 1070 1468 1123 legatione
1510 1070 1575 1112 Pii
1607 1071 1681 1114 IV.
1719 1070 2003 1113 Vindobonae

227 1134 426 1176 obeunda
459 1148 635 1188 operam
667 1137 816 1177 navat.
871 1135 1097 1177 Urbanum
1119 1135 1413 1187 Austriacum,
1449 1136 1698 1190 episcopum
1730 1150 2001 1189 gurcensem,

226 1213 281 1241 ne
313 1199 356 1240 in
389 1200 661 1242 contionibus
695 1214 841 1241 coram
875 1200 976 1242 aula
1009 1199 1200 1242 caesaris
1222 1200 1431 1242 habendis
1457 1201 1586 1243 fidem
1619 1201 1861 1244 dissimulet
1891 1215 2002 1243 neve

227 1265 567 1318 protestantium
600 1265 746 1315 libros,
781 1265 1006 1319 Scriptura
1034 1265 1319 1319 patribusque
1341 1266 1568 1319 neglectis,
1601 1266 1836 1309 studiosius
1868 1267 2001 1320 legat,

228 1330 435 1372 Ottonem
478 1330 742 1372 cardinalem
785 1333 1100 1383 augustanum,
1147 1345 1201 1372 ne
1242 1331 1452 1373 beneficia
1493 1331 1790 1374 ecclesiastica
1835 1332 2002 1386 „splen-

228 1395 433 1437 doresve“
471 1396 679 1450 profanos
713 1410 874 1449 augere
907 1396 1096 1447 studeat,
1130 1396 1359 1439 Albertum
1392 1397 1444 1440 V.
1479 1397 1696 1439 Bavariae
1729 1397 1902 1448 ducem,
1947 1410 2002 1438 ne

228 1460 496 1503 consiliarios
528 1461 572 1502 in
598 1461 681 1503 fide
719 1461 1068 1512 „claudicantes“
1104 1461 1266 1513 audiat,
1302 1461 1544 1516 apostolica
1577 1462 1766 1515 quadam
1797 1462 2002 1504 libertate

227 1525 441 1568 hortatur.
496 1526 693 1568 Eundem
726 1525 955 1568 Albertum
989 1529 1149 1578 monet,
1183 1529 1232 1569 ut
1263 1527 1396 1569 libros
1428 1541 1589 1581 pravos
1622 1529 1784 1577 arceat,
1823 1527 1867 1568 in
1898 1527 2002 1569 hae-

226 1590 386 1633 reticos
428 1591 773 1642 animadvertat,
825 1591 868 1633 in
909 1592 1051 1633 locum
1097 1592 1290 1645 „consilii
1331 1592 1576 1645 religionis“
1625 1606 1681 1634 ex
1727 1592 1850 1634 laicis
1901 1606 2002 1634 con-

228 1656 369 1699 stituti
404 1657 629 1698 consilium
662 1657 879 1710 quoddam
912 1657 1254 1700 ecclesiasticum
1287 1658 1548 1709 substituat,
1591 1658 1704 1711 quod
1746 1672 1802 1699 ex
1834 1657 2003 1700 clericis

227 1721 437 1774 laicisque
490 1724 799 1777 componatur;
863 1723 1007 1773 „nulla
1060 1723 1173 1765 enim
1225 1723 1405 1777 pestis“,
1458 1723 1624 1776 inquit,
1689 1723 1755 1774 „in
1806 1722 2003 1765 Ecclesia

228 1786 496 1838 nocentior“,
540 1802 670 1841 quam
711 1788 809 1830 laici
850 1788 894 1829 in
929 1788 1228 1842 episcoporum
1264 1788 1455 1830 officium
1487 1803 1534 1830 se
1565 1788 1827 1842 ingerentes.
1893 1788 2003 1830 Gra-

228 1852 407 1894 vissima
440 1852 572 1895 etiam
606 1855 728 1904 sunt,
764 1867 875 1906 quae
908 1853 1103 1896 Canisius
1136 1868 1343 1896 romanae
1376 1854 1522 1896 curiae
1555 1853 1884 1896 subministrare
1916 1868 2003 1895 non

227 1920 417 1969 veretur,
452 1918 653 1960 consilia:
687 1919 852 1961 Romae
885 1919 1116 1972 collegium
1149 1919 1499 1961 adulescentibus
1532 1919 1687 1972 anglis,
1720 1918 1888 1973 polonis
1918 1921 2001 1961 etc.

226 1982 506 2026 instituendis
548 1984 840 2034 condendum,
890 1984 1006 2026 inter
1055 1985 1281 2039 episcopos
1331 1984 1696 2039 septentrionales
1747 1986 1791 2026 et
1838 1983 2001 2026 curiam

226 2048 384 2090 bonum
419 2049 723 2091 commercium
764 2049 1099 2099 instituendum;
1143 2050 1319 2092 nuntios
1351 2049 1578 2103 indigenas
1611 2053 1655 2092 et
1686 2064 1791 2091 vere
1824 2051 2001 2103 aposto-

227 2113 335 2155 licos
367 2113 411 2155 in
443 2128 518 2156 eas
550 2115 751 2168 regiones
782 2115 1041 2165 mittendos;
1075 2115 1284 2158 beneficia
1307 2115 1605 2158 ecclesiastica
1626 2115 1846 2157 mensibus
1874 2128 2003 2169 „apo-

228 2178 415 2221 stolicis“
454 2179 497 2222 in
529 2180 758 2234 indigenas
791 2181 1078 2231 conferenda;
1121 2181 1373 2235 germanica
1412 2181 1588 2234 ingenia
1628 2180 1851 2222 commode
1882 2182 2002 2222 trac-

227 2244 363 2286 tanda
385 2258 493 2288 esse.
539 2245 732 2287 Maxime
755 2248 902 2288 autem
924 2246 1155 2297 Canisium,
1179 2249 1228 2289 ut
1250 2246 1478 2288 concilium
1501 2245 1823 2288 oecumenicum
1844 2245 2002 2287 iterum

228 2313 488 2361 resumatur,
521 2310 758 2353 identidem
791 2311 1065 2354 insistentem
1099 2311 1327 2354 cernimus.

348 2374 620 2428 Singularem
654 2376 787 2419 etiam
820 2390 968 2418 curam
992 2376 1188 2419 Canisius
1218 2376 1555 2427 Coloniensibus,
1589 2375 1693 2418 licet
1724 2375 1850 2418 huius
1882 2374 2000 2417 urbis

229 2439 342 2481 Socii
372 2440 456 2495 ipsi
487 2455 573 2483 non
606 2442 788 2492 subsint,
821 2441 1054 2496 impendit:
1094 2442 1198 2484 Cum
1233 2442 1368 2485 Sociis
1401 2441 1717 2484 coloniensibus
1750 2440 2000 2483 continuum

227 2504 360 2548 habet
382 2506 629 2548 litterarum
652 2506 969 2558 commercium,
1003 2507 1327 2562 archiepiscopo
1353 2507 1486 2549 libros
1508 2506 1656 2557 mittit,
1691 2505 2001 2549 catechismum

229 2584 353 2612 suum
385 2571 586 2614 Coloniae
620 2572 941 2623 excudendum,
982 2572 1217 2614 iubilaeum
1248 2572 1408 2614 ibidem
1439 2571 1824 2627 promulgandum,
1865 2569 2000 2625 privi-

228 2635 344 2688 legia
370 2650 576 2679 caesarea
599 2637 891 2691 compluribus
913 2637 1202 2692 typographis
1225 2637 1541 2680 coloniensibus
1564 2636 1840 2679 concedenda
1861 2638 1998 2686 curat,

229 2701 400 2744 senatui
433 2716 609 2756 operam
643 2703 770 2745 offert
803 2705 884 2744 etc.

349 2766 466 2816 Quae
498 2781 658 2821 magna
696 2782 791 2809 cum
833 2767 1065 2822 prudentia
1097 2782 1123 2810 a
1155 2767 1326 2810 Oanisio
1367 2767 1484 2810 dicta
1524 2768 1736 2820 gestaque
1778 2779 1873 2808 esse
1913 2779 2000 2807 non

230 2830 506 2883 diffitebitur,
546 2832 618 2886 qui
650 2832 819 2886 legerit,
854 2847 965 2886 quae
998 2833 1194 2875 Canisius
1226 2833 1270 2874 in
1301 2833 1368 2875 his
1401 2832 1597 2887 epistulis
1630 2834 1712 2875 etc.
1746 2829 2000 2886 pronuntiat

230 2895 283 2937 de
314 2896 503 2938 locorum
539 2897 932 2948 consuetudinibus,
966 2898 1122 2952 patriis
1153 2898 1357 2948 moribus,
1390 2897 1678 2952 parochorum
1700 2895 1998 2938 voluntatibus

230 2960 534 3012 observandis,
578 2963 631 3004 de
671 2962 919 3004 reverentia
960 2965 1005 3005 et
1037 2962 1310 3005 oboedientia
1342 2963 1457 3004 clero
1499 2962 1631 3005 etiam
1672 2961 1830 3003 vitioso
1870 2973 1998 3015 prae-

230 3026 408 3077 standa,
451 3026 503 3068 de
534 3026 710 3080 linguae
742 3027 1019 3081 germanicae
1051 3027 1194 3070 studio
1227 3028 1422 3070 colendo.
1491 3027 1692 3080 „Leniter
1724 3028 1768 3068 et
1799 3023 1994 3080 placide“

230 3090 518 3134 contionatur.
583 3092 835 3146 Superiores
880 3092 1076 3134 suaviter
1119 3093 1303 3135 subditis
1346 3106 1572 3147 praeesse,
1619 3092 1769 3134 doctos
1812 3089 1857 3131 in
1897 3102 1997 3144 pro-

228 3156 495 3198 testantibus
528 3156 770 3199 refutandis
801 3157 921 3200 molli
952 3158 1166 3200 scribendi
1199 3172 1360 3212 genere
1393 3157 1456 3200 uti
1487 3157 1595 3199 vult.
