2142 3455
973 725 1036 766 ΙΙΙ

307 824 619 882 'FABULAE
657 821 1194 879 CHRONOLOGIGAE
1233 820 1441 876 VITAE
1480 819 1731 876 CANISII

277 953 304 980 a
331 952 485 980 mense
515 938 721 991 Augusto
752 937 863 977 anni
891 937 999 978 1556
1029 949 1170 987 usque
1201 936 1257 976 ad
1286 937 1458 977 exitum
1488 936 1598 975 anni
1628 935 1755 976 1560.

258 1043 354 1084 Quae
380 1042 427 1075 ad
452 1042 561 1075 libros
591 1040 730 1074 Canis-ii
755 1044 784 1073 et
810 1040 858 1072 ad
882 1041 1016 1072 similia
1039 1041 1240 1083 pertinent,
1277 1040 1427 1072 cuo-sicia
1453 1039 1580 1071 litteris
1605 1038 1781 1079 descripta
1811 1040 1903 1068 sunt.

258 1096 367 1138 Sigmo
393 1114 437 1118 -
464 1096 487 1127 2
509 1094 722 1137 temporibus·
749 1094 954 1136 intemiosito
982 1094 1028 1134 (e.
1047 1105 1080 1136 gs.
1099 1092 1201 1126 Febr.
1229 1114 1272 1118 —
1299 1092 1428 1131 Mart.)
1459 1093 1641 1124 indicatur
1666 1096 1811 1133 tempus,
1838 1100 1907 1132 qno

137 1150 278 1193 aliquid
301 1150 434 1191 factum
462 1150 518 1191 ..s-it,
545 1152 666 1181 eoeacto
692 1157 839 1180 numero
866 1148 1020 1189 caym-imi
1043 1157 1111 1180 von
1126 1157 1240 1189 posse,
1265 1147 1325 1179 secl
1343 1148 1365 1179 2
1386 1146 1456 1178 illis
1473 1145 1689 1188 temporibus·
1705 1143 1906 1176 terminari.

203 1238 314 1279 1556

205 1434 316 1475 1556

214 1580 304 1614 1556

214 1692 305 1726 1556

216 1829 318 1866 1556

209 1976 320 2017 1556

217 2187 306 2221 1556

209 2324 321 2366 1556

209 2454 322 2496 1556

220 2729 311 2765 1556
346 2702 349 2704 ’

221 2783 312 2818 1556

221 2895 312 2930 1556

221 3032 324 3070 1556

491 1237 603 1289 Aug.
639 1237 677 1278 4.

444 2185 541 2231 Sept.
567 2185 627 2220 vel
654 2184 734 2220 Oct.

508 2322 604 2365 Oct.
638 2323 678 2364 4.

506 2452 685 2496 Octobri

513 2730 592 2765 Oct.
620 2730 676 2765 31.

518 2782 610 2818 Nov.
637 2783 669 2818 3.

496 2894 692 2930 Novembri

491 3030 704 3070 Novembri

782 1233 784 1244 ’
807 1235 1004 1277 Canisius
1037 1234 1218 1288 (Praga)
1241 1233 1526 1277 Ratisbonam
1550 1233 1736 1286 indeque
1759 1231 1908 1274 eodem

869 1300 935 1342 die
967 1298 1289 1355 Ingolstadiulll
1321 1299 1454 1350 venit,
1489 1298 1637 1341 Socios
1659 1298 1800 1339 Roma
1832 1296 1908 1339 ad-

868 1368 1019 1408 vectos
1051 1365 1094 1407 in
1129 1365 1310 1419 collegio
1342 1365 1585 1406 incohando
1619 1363 1859 1405 adiuturus.

811 1430 1078 1473 Ratisbonae
1126 1430 1170 1472 in
1220 1429 1404 1472 ecclesia
1457 1428 1698 1472 cathedrali
1746 1426 1910 1470 contio-

870 1499 1012 1539 natur.

810 1577 945 1611 Iterum
971 1577 1102 1612 ibidem
1130 1576 1375 1617 contionatum
1412 1576 1538 1610 deinde
1564 1573 1834 1621 ingolstadium
1860 1585 1912 1607 re-

872 1631 1037 1664 vertitur.
1809 1633 1812 1637 '

787 1690 1037 1724 ¹Everardum
1072 1689 1114 1723 de
1141 1689 1362 1730 Hiirnheim‚
1397 1689 1603 1734 episcopum
1639 1688 1911 1733 eystettensem,

871 1741 1042 1789 Eystadii
1073 1742 1148 1787 (vel
1173 1754 1283 1788 prope
1308 1742 1449 1787 urbem)
1479 1743 1564 1777 adit.

813 1827 990 1865 Viam-ius
1001 1826 1190 1875 qeneralis
1205 1827 1380 1863 dioecesis
1394 1826 1625 1875 eystatensis
1639 1824 1780 1861 librum
1800 1835 1913 1860 sumn

874 1882 1179 1937 „pm-oche'alenst
1220 1884 1373 1922 Cani-§Io
1410 1886 1525 1921 mittit
1567 1883 1913 1933 reeoqnoseemlzcm.

813 1974 893 2017 Die
925 1974 1038 2016 festo
1071 1973 1334 2016 Nativitatis
1365 1972 1414 2014 B.
1439 1971 1605 2014 Mariae
1637 1972 1690 2014 V.
1719 1970 1915 2013 Canisius

873 2037 1144 2081 Ratisbonae
1177 2038 1222 2080 in
1255 2037 1439 2080 ecclesia
1472 2036 1712 2080 cathedrali
1749 2035 1915 2079 contio-

872 2107 1025 2154 natum
1065 2104 1219 2146 deinde
1250 2101 1572 2158 Ingolstadium
1603 2101 1853 2144 revertitur.

814 2187 868 2220 Ab
896 2187 1062 2232 episcopo
1089 2184 1378 2229 argentoratensi
1412 2186 1581 2228 rogatur,
1615 2185 1656 2218 ut
1690 2195 1768 2218 eam
1805 2182 1915 2218 eccle-

873 2240 965 2274 siam
990 2239 1139 2274 adiuvet
1164 2238 1429 2282 collegiumque
1455 2237 1635 2272 instituat.

814 2322 1005 2365 Primam
1017 2322 1140 2376 quasi
1150 2321 1401 2376 provinciae
1413 2320 1670 2363 Germaniae
1682 2320 1916 2375 superioris

875 2388 916 2430 S.
950 2389 991 2431 J.
1025 2386 1409 2440 congregationem
1441 2385 1641 2428 Passavii
1674 2386 1879 2428 celebrat.

815 2453 921 2496 Cum
961 2453 1009 2495 P.
1043 2452 1227 2494 Nicolao
1268 2451 1453 2502 Lanoio,
1496 2450 1669 2504 collegii
1707 2451 1917 2493 vindobo-

875 2517 1022 2560 nensis
1065 2520 1257 2568 rectore,
1302 2517 1387 2560 iter
1429 2516 1672 2570 ingreditur
1716 2516 1771 2558 ad
1815 2530 1917 2558 con-

876 2585 1057 2626 ventum
1097 2583 1345 2637 generalem
1379 2581 1611 2625 Societatis
1643 2581 1808 2623 Romae
1839 2580 1917 2623 ha-

876 2648 1076 2690 bendum.

820 2729 986 2765 Canisius
1012 2731 1049 2763 et
1073 2728 1229 2763 Lanoius
1255 2725 1450 2764 Patavium
1477 2727 1686 2762 adveniunt..

820 2782 998 2824 Canisius,
1025 2784 1205 2816 conventu
1230 2793 1377 2816 romano
1403 2781 1439 2815 in
1465 2780 1562 2815 aliud
1596 2782 1740 2826 tempus
1774 2780 1918 2822 reiecto,

879 2835 1031 2870 Patavio
1058 2833 1297 2882 Oenipontem
1322 2834 1573 2880 proficiscitur.

821 2895 1032 2941 Oeniponte,
1058 2906 1122 2940 per
1148 2893 1353 2940 Augustam
1379 2893 1578 2935 transiens,
1605 2891 1793 2940 Dilingam
1818 2893 1920 2928 venit

879 2949 1000 2993 ibique
1023 2950 1102 2982 octo
1121 2948 1198 2982 dies
1216 2959 1296 2982 cum
1316 2946 1489 2982 cardinali
1507 2947 1721 2992 Augustano
1739 2948 1917 2981 versatur.

820 3032 1000 3082 Dilinycze
1037 3031 1177 3069 libellos
1214 3031 1399 3081 quosdam
1435 3032 1613 3081 antiquos
1646 3032 1747 3080 typis
1779 3031 1920 3068 descri-

881 3091 1015 3129 bendos
1061 3095 1196 3140 curat,
1241 3091 1403 3128 comitiis
1446 3090 1770 3128 ratisbonensibus
1810 3090 1921 3128 utiles

878 3151 1043 3199 futuros.
