2142 3455
578 163 622 197 II.
658 163 884 197 Prooemium
909 162 1101 197 voluminis
1128 162 1275 197 secundi
1304 162 1381 206 (IV,
1407 162 1458 207 2).
1778 177 1899 206 XXIII

127 282 400 337 impedirent,
434 281 699 336 designasse.
763 282 964 324 Dubitari
998 281 1170 335 quidem
1202 283 1389 335 poterat,
1429 283 1574 323 utrum
1607 280 1713 322 haec
1745 280 1900 323 lectori

129 350 232 390 ante
265 347 411 390 oculos
443 361 604 401 ponere
646 361 804 402 operae
845 346 1032 401 pretium
1074 349 1190 389 esset
1231 360 1379 389 necne.
1445 346 1507 387 Re
1539 348 1686 388 tamen
1727 349 1900 388 mature

128 426 343 467 perpensa
374 412 539 467 placuit
571 426 741 463 omnes,
785 426 895 466 quae
927 412 971 453 in
1003 411 1200 453 manibus
1234 414 1382 461 erant,
1421 410 1580 453 Canisii
1612 410 1823 465 epistulas
1856 413 1901 453 et

129 491 277 520 omnes
309 491 458 519 earum
493 480 640 532 partes
671 502 729 506 —
760 477 900 520 tribus
931 480 1103 519 tantum
1136 476 1384 531 particulis,
1419 490 1602 529 quarum
1633 476 1754 518 locus
1786 475 1901 518 infra

127 557 168 597 p.
189 543 287 585 264.
308 544 406 586 375.
428 545 512 585 643
535 543 706 597 punctis
724 541 994 596 interpositis
1012 541 1279 594 designatur,
1304 541 1522 596 exceptis3
1545 541 1629 583 hae
1646 541 1758 583 enim
1778 541 1831 583 de
1848 540 1900 582 iis

127 608 257 650 rebus
288 610 403 659 sunt,
438 622 549 661 quae
582 622 637 650 ex
668 607 763 662 ipsa
795 621 874 649 sua
905 609 1065 649 natura
1088 606 1142 648 ad
1165 606 1383 649 internum
1406 609 1577 649 tantum
1600 606 1742 648 forum
1765 606 1900 660 perti-

128 675 233 716 nent
273 687 412 726 neque
453 673 508 715 ad
548 672 799 715 historicam
841 671 1133 724 cognitionem
1174 671 1405 713 admodum
1447 671 1598 714 valent
1637 695 1696 700 -
1735 671 1780 713 in
1820 671 1901 713 hoc

127 738 346 781 volumine
386 752 641 793 proponere.
703 737 863 790 Aliqua
894 750 999 778 sane
1040 736 1124 778 iam
1164 737 1218 778 ab
1252 736 1348 778 aliis
1380 736 1635 789 quibusdam
1668 736 1900 779 Societatis

125 802 358 854 historicis,
391 806 440 846 ut
465 803 695 846 Francisco
729 801 939 845 Sacchino
973 804 1017 844 et
1048 801 1210 843 Ioanne
1245 801 1446 851 Sohmidl,
1482 815 1537 843 ex
1569 805 1695 856 parte
1728 802 1899 852 saltem,

128 872 335 913 enarrata
377 871 524 917 erant;
568 883 619 911 ac
652 869 704 910 de
745 867 923 921 reliquis
965 881 1134 920 quoque
1177 866 1268 908 eius
1310 867 1482 920 generis
1523 867 1652 909 rebus
1692 881 1762 909 me
1804 881 1901 908 cum

127 934 352 985 Sacchino,
386 934 458 976 ubi
490 935 543 976 de
566 933 814 976 domesticis
837 932 1094 986 quibusdam
1117 931 1350 974 Societatis
1382 932 1585 986 procellis
1618 932 1724 985 agit,
1758 931 1901 974 dicere

126 1014 256 1055 posse
300 1013 479 1042 censeo:
526 999 648 1041 Haec
695 999 905 1052 „vulgare
948 997 1136 1052 posteris
1181 997 1529 1051 operaepretium
1575 997 1682 1048 erit,
1729 999 1779 1039 vt
1822 996 1903 1038 Dei

126 1064 416 1120 patrocinium
456 1064 726 1118 intelligant,
766 1077 850 1116 quo
893 1063 1065 1105 assidue
1107 1063 1161 1104 ab
1199 1062 1419 1105 intestinis
1452 1062 1733 1115 externisque
1766 1076 1902 1116 oppu-

125 1130 361 1184 gnantibus
393 1144 516 1172 suam
544 1130 656 1172 hanc
679 1129 966 1171 Sodalitatem
990 1127 1205 1178 defendit3
1239 1130 1333 1171 tum
1355 1130 1405 1170 vt
1436 1127 1479 1178 ii,
1515 1127 1587 1181 qui
1609 1130 1832 1182 praesunt,
1867 1127 1903 1169 si

127 1196 229 1249 quid
250 1195 493 1237 huiusmodi
518 1194 562 1236 in
585 1208 664 1236 sua
686 1192 1063 1236 administratione
1085 1195 1257 1247 tempus
1289 1193 1419 1244 ferat,
1453 1207 1539 1235 non
1561 1187 1688 1235 modo
1711 1192 1903 1246 antiquis

127 1263 172 1303 et
205 1260 358 1303 alienis
389 1260 609 1302 hominum
643 1259 1030 1310 sanctissimorum,
1070 1261 1222 1301 contra
1254 1272 1362 1312 quos
1395 1258 1631 1301 seditiones
1663 1257 1903 1300 acerrimae

127 1326 415 1376 exstiterunt,
457 1325 533 1367 sed
575 1325 708 1368 etiam
750 1324 999 1367 domesticis
1041 1338 1092 1366 ac
1132 1324 1379 1366 recentibus
1421 1323 1632 1378 exemplis
1670 1338 1716 1366 se
1749 1337 1903 1366 conso-

127 1391 293 1434 lentur:
340 1393 614 1433 caeterorum
656 1404 788 1442 vero,
834 1390 906 1444 qui
950 1390 1275 1432 moderatorum
1317 1389 1518 1442 regimini
1562 1389 1746 1432 subiecti
1787 1391 1902 1440 sunt,

128 1456 309 1510 quisque
341 1459 600 1499 consuescat
632 1470 802 1498 crucem
825 1455 999 1498 Domini
1027 1458 1147 1498 arcte
1175 1455 1439 1509 complexus,
1473 1455 1518 1496 in
1544 1457 1700 1497 sancta
1730 1454 1903 1496 humili-

126 1524 222 1565 tate
253 1521 523 1576 simplicique
555 1521 802 1564 obedientia
833 1520 1027 1575 religiosi
1068 1520 1149 1562 viri
1191 1534 1347 1562 munus
1389 1520 1587 1574 explere,
1630 1520 1761 1562 duces
1802 1533 1904 1562 suos

127 1587 222 1629 loco
255 1587 414 1630 Christi
446 1587 619 1629 Domini
651 1587 875 1636 venerari,
919 1589 963 1628 et
995 1600 1092 1628 eam
1125 1585 1243 1628 vitae
1283 1585 1469 1627 formam
1502 1586 1729 1636 adamare,
1773 1599 1904 1638 quam

128 1652 271 1695 sancti
303 1652 489 1707 Spiritus
522 1653 654 1695 ductu
686 1653 940 1706 complexus
974 1654 1053 1695 est.
1065 1653 1080 1670 “
1099 1653 1114 1679 1

247 1724 370 1766 Haec
400 1723 515 1767 inter
546 1738 755 1778 prospera
787 1726 832 1766 et
870 1723 1056 1765 adversa
1088 1721 1346 1765 Canisius
1387 1723 1513 1764 firma
1553 1736 1684 1764 manu
1724 1721 1905 1764 tenebat

128 1789 468 1843 gubernaculum
503 1802 747 1842 navemque
780 1792 899 1831 certo
931 1788 1110 1831 tramite
1148 1787 1376 1841 dirigebat.
1440 1788 1503 1830 Ut
1533 1787 1771 1842 praepositi
1803 1801 1904 1842 pro-

128 1854 328 1896 vincialis
361 1854 525 1905 officio,
569 1855 683 1908 quod
713 1855 911 1905 tenebat,
957 1853 1257 1904 satisfaceret,
1292 1852 1377 1906 4112
1410 1852 1529 1895 hisce
1561 1852 1687 1895 annis
1720 1852 1905 1906 collegia

129 1919 210 1962 sibi
241 1919 437 1963 subiecta
468 1921 603 1962 semel
635 1922 768 1973 atque
798 1919 956 1962 iterum
978 1919 1209 1969 invisebat,
1243 1933 1359 1961 nova
1390 1918 1575 1972 collegia
1596 1918 1804 1972 parabat;
1838 1917 1904 1960 bis

128 1985 311 2027 Romam
353 1985 408 2027 ad
450 1985 682 2028 Societatis
722 1985 901 2038 negotia
943 1985 1135 2027 curanda
1175 1984 1320 2027 venit:
1365 1983 1550 2037 collegia
1590 1997 1818 2026 romanum
1859 1986 1905 2026 et

128 2050 425 2104 germanicum
456 2050 738 2105 pecuniarum
769 2049 971 2092 subsidiis
1004 2050 1227 2099 011101ον31;
1271 2049 1386 2104 apud
1423 2049 1662 2104 principes,
1704 2051 1753 2091 ut
1784 2048 1904 2092 vitae

127 2115 376 2158 necessaria
408 2116 497 2158 suis
529 2116 926 2167 subministrentur,
959 2115 1119 2165 instat;
1155 2115 1378 2157 Sociorum
1400 2114 1643 2157 valetudini
1675 2116 1720 2156 et
1748 2113 1904 2157 studiis

127 2180 355 2224 litterariis
388 2181 620 2235 diligenter
650 2181 880 2236 prospicit,
914 2181 1104 2223 maxime
1136 2194 1240 2222 vero
1274 2180 1327 2222 de
1358 2180 1440 2222 1100
1462 2179 1674 2223 sollicitus
1697 2179 1902 2230 cernitur,

127 2248 177 2289 ut
207 2246 252 2288 in
282 2246 449 2301 pietate
480 2249 691 2301 perpetuo
724 2249 1037 2289 conserventur
1070 2248 1114 2289 et
1146 2247 1358 2288 crescant.

247 2317 394 2360 Etiam
425 2318 634 2360 maiorem
667 2318 837 2360 Canisio
880 2332 1029 2360 curam
1071 2317 1123 2359 de
1155 2316 1366 2370 religione
1408 2316 1523 2371 apud
1562 2319 1769 2359 externos
1801 2329 1903 2358 con-

129 2383 346 2425 servanda
379 2386 510 2437 atque
543 2384 744 2437 augenda
775 2383 910 2425 fuisse
943 2382 1119 2425 dixeris.
1173 2382 1313 2424 Huius
1345 2382 1407 2424 rei
1440 2381 1586 2435 gratia
1616 2395 1695 2436 per
1716 2381 1904 2434 41l2hos

129 2462 265 2491 annos
288 2448 411 2502 quasi
432 2449 476 2491 in
499 2449 702 2492 continuo
725 2451 911 2503 apparet
932 2451 1065 2491 motu.
1109 2448 1229 2490 Inter
1251 2447 1426 2490 comitia
1448 2446 1617 2501 imperii
1639 2446 1764 2489 annis
1790 2447 1902 2488 1556

129 2517 174 2557 et
222 2515 332 2556 1557
378 2514 645 2557 Ratisbonae
693 2517 738 2557 et
785 2528 898 2556 anno
946 2515 1058 2555 1559
1104 2514 1333 2567 Augustae
1381 2512 1706 2554 Vindelicorum
1753 2511 1904 2554 habita

130 2578 450 2621 Ferdinandum
490 2580 522 2623 Ι.
565 2580 620 2622 ad
661 2579 757 2621 iura
798 2578 1009 2621 ecclesiae
1049 2578 1212 2620 tuenda
1254 2578 1536 2620 exhortatur.
1582 2577 1808 2632 episcopos
1849 2577 1905 2619 ad

129 2645 293 2686 clerum
333 2644 657 2687 reformandum
700 2644 866 2687 excitat
906 2644 1044 2698 iisque
1083 2643 1364 2686 ecclesiarum
1405 2642 1749 2693 „visitationem“
1787 2656 1904 2684 com-

130 2709 321 2753 mendat.
364 2710 491 2752 Anno
518 2712 628 2752 1557
662 2710 707 2752 in
743 2709 984 2763 „colloquio
1010 2708 1257 2762 religionis“
1286 2707 1568 2750 vormatiensi
1591 2707 1731 2762 partis
1753 2707 1904 2750 catho-

129 2774 240 2816 licae
291 2774 384 2817 fere
429 2775 631 2830 princeps
679 2774 865 2818 exsistit.
939 2774 989 2815 In
1037 2773 1361 2816 cathedralibus
1409 2772 1604 2815 ecclesiis
1652 2771 1901 2823 coloniensi,

129 2839 427 2891 vormatiensi,
461 2840 812 2894 argentoratensi
845 2839 1136 2882 contionatur.
1182 2838 1462 2881 Contionibus
1484 2838 1528 2880 in
1550 2852 1718 2880 summo
1740 2838 1903 2892 templo

129 2904 420 2947 ratisbonensi
461 2905 621 2949 habitis
663 2906 796 2948 etiam
837 2904 1114 2947 adversarios
1151 2904 1219 2955 „in
1260 2903 1327 2946 sui
1367 2903 1701 2946 admirationem
1742 2902 1898 2958 rapit.“

254 3104 265 3125 ¹
290 3105 510 3139 Franciscus
536 3105 734 3139 Sacchbms
751 3103 784 3139 S.
806 3104 850 3146 J.‚
877 3103 1059 3138 Historiae
1085 3103 1278 3139 Societatis
1303 3103 1384 3139 Iesu
1410 3103 1502 3138 Pars
1527 3104 1695 3147 secunda,
1721 3103 1800 3139 sive
1826 3103 1904 3138 Lai-

131 3156 215 3192 nius
243 3156 481 3203 (Antverpiae
509 3157 616 3202 1620)
644 3157 668 3192 l.
698 3158 727 3200 1,
754 3169 788 3192 n.
816 3157 872 3192 73.
