2142 3455
214 260 304 295 1558

213 366 303 402 1558

213 473 303 508 1558

211 526 303 562 1558

212 688 303 723 1558

212 795 303 830 1558

212 848 302 883 1558

213 955 302 990 1558

213 1007 303 1043 1558

212 1061 303 1096 1558

211 1167 303 1203 1558

202 1258 315 1299 1558

211 1402 302 1437 1558

211 1456 302 1492 1558

211 1562 302 1598 1558

210 1669 302 1705 1558

212 1777 303 1812 1558

211 1937 302 1972 1558

211 2127 313 2165 1558

202 2223 315 2263 1558

200 2424 314 2465 1558

210 2634 300 2669 1558

208 2687 300 2722 1558

209 2847 300 2883 1558

209 2900 300 2935 1558

209 3007 300 3043 1558

146 3120 149 3124 ”
207 3143 312 3181 1558

609 144 699 180 1558
725 145 791 180 sub
818 145 891 180 Ian.
920 146 951 180 6.
981 166 1024 169 —
1053 147 1144 181 1558
1171 146 1268 192 Sept.
1294 166 1340 171 —
1367 147 1452 183 Dec.

417 260 523 295 Mart.
547 262 602 295 27.
630 261 685 306 (ut
711 262 762 296 vi-

529 314 649 359 detur)

417 368 503 412 Apr.
525 368 556 402 3.
587 368 642 412 (ut
666 368 763 403 vide-

552 421 626 466 tur)

453 474 539 519 Apr.
567 476 598 509 5.
627 476 663 509 et
689 475 721 510 6.

521 528 607 574 Apr.
635 529 667 563 7.

520 688 606 733 Apr.
633 687 665 722 8.

456 794 522 829 sub
549 794 606 829 20.
631 795 717 839 Apr.

417 848 505 892 Apr.
532 847 615 891 (24,
642 850 683 881 ut
709 847 760 882 vi-
784 863 785 866 ¹

528 900 647 944 detur)

433 954 518 999 Apr.
545 954 601 988 28.
629 955 666 987 et
691 953 747 988 29.

502 1007 589 1052 Apr.
616 1006 672 1041 29.

451 1060 548 1095 Maio
573 1060 720 1094 ineunte

540 1166 636 1201 Maio

466 1254 581 1297 Maio
615 1255 706 1298 fere

517 1320 657 1363 medio

508 1402 584 1437 Iun.
614 1403 668 1437 19.

431 1456 507 1490 Iun.
535 1456 591 1490 21.
617 1457 663 1491 ad
689 1456 744 1491 27.

508 1564 584 1598 Iun.
612 1563 668 1598 28.

523 1670 589 1705 Iul.
617 1671 649 1705 2.

449 1777 515 1812 Iul.
545 1778 576 1812 3.
604 1778 648 1812 ad
677 1778 731 1813 10.

523 1938 589 1972 Iul.
617 1938 649 1973 6.

537 2128 636 2166 Iulio

533 2221 641 2263 Iulio

412 2424 525 2478 Aug.
552 2424 590 2466 8.
624 2423 757 2466 ve19.
782 2467 783 2478 ¹
808 2425 1004 2467 Canisius
1038 2440 1133 2467 cum
1167 2426 1213 2469 P.
1248 2425 1515 2468 Theoderico
1548 2425 1909 2469 Aemsterodamo

411 2635 506 2679 Aug.
535 2635 589 2669 15.
616 2633 677 2668 vel
703 2634 756 2669 16.

495 2689 587 2732 Aug.
615 2688 670 2722 25.

494 2847 589 2891 Aug.
615 2847 671 2882 28.

413 2901 506 2945 Aug.
530 2901 614 2945 (30.,
640 2902 681 2936 ut
706 2901 758 2935 vi-

524 2954 643 2998 detur)

436 3007 581 3043 ineunte
607 3020 730 3043 mense

498 3060 595 3107 Sept.
623 3061 671 3106 [5³]

442 3143 548 3194 Sept.
571 3165 617 3171 —
639 3144 734 3183 Dec.

1782 165 1911 195 XXXV

811 262 998 298 Dominica
1024 263 1208 299 Passionis
1235 265 1278 299 de
1305 265 1493 309 evangelio
1520 266 1590 300 diei
1617 266 1713 301 dicit.

811 369 999 404 Dominica
1024 370 1230 405 Palm-arum
1258 371 1300 405 de
1327 371 1515 416 evangelio
1542 372 1611 406 diei
1645 372 1696 417 (et
1722 373 1765 407 de
1791 372 1912 418 paeni-

870 422 1027 467 tentia‘P)
1057 424 1154 458 dicit.

811 475 864 510 De
890 487 993 510 sacra
1020 477 1237 511 eucharistia
1264 477 1307 511 ad
1334 478 1505 523 populum
1532 478 1627 513 dicit.

811 528 851 563 In
891 528 1029 571 „Coena
1064 529 1225 564 Domini*
1264 542 1368 565 mane
1407 531 1450 566 de
1488 532 1708 567 eucharistia
1738 532 1803 567 sub
1841 543 1912 567 una

870 582 988 627 specie
1039 583 1233 625 sumenda,
1286 596 1436 629 vespere
1483 585 1526 619 de
1568 586 1734 630 passione
1778 585 1912 620 Christi

870 635 967 670 dicit.

811 687 850 722 In
895 685 1117 731 „Parasceve
1155 688 1316 724 Domini“
1356 702 1461 725 mane
1497 691 1540 726 de
1575 692 1741 737 passione
1778 691 1913 727 Christi

871 741 967 776 dicit.

812 795 977 829 Canisius
1002 793 1270 841 Ingolstadium
1299 797 1505 831 revertitur.

810 845 997 894 Dilingalll
1024 848 1110 890 abit,
1138 849 1180 883 de
1208 849 1359 893 collegio
1387 862 1466 884 cum
1494 851 1667 885 cardinali
1693 854 1850 886 acturus.

809 952 1001 1000 Augustae
1027 952 1300 990 Vindelicorum
1327 958 1498 991 moratur.

809 1008 978 1051 Augusta
1004 1007 1215 1042 Tridentum
1241 1020 1371 1043 versus
1398 1009 1560 1044 discedit.

810 1061 849 1094 In
875 1061 1131 1095 monasterium
1159 1060 1265 1097 Ettal
1292 1061 1494 1097 devertitur
1519 1063 1563 1098 ab
1599 1062 1747 1108 eiusque
1783 1064 1912 1099 abbate

869 1114 1032 1158 reliquiis
1058 1115 1173 1150 sacris
1200 1116 1364 1150 donatur.

809 1166 960 1203 Laureti
986 1167 1022 1201 in
1049 1167 1241 1212 collegium
1268 1180 1289 1202 a
1314 1168 1466 1204 ianitore
1492 1181 1563 1204 non
1589 1169 1802 1204 admittitur.

811 1256 989 1299 Romam
1042 1258 1097 1299 ad
1148 1257 1332 1312 primam
1386 1258 1618 1302 Societatis
1672 1272 1912 1313 congrega-

869 1321 1034 1365 tionem
1065 1323 1315 1376 generalem
1349 1323 1540 1367 advenit.

811 1403 1053 1448 Congregatio
1080 1404 1261 1448 generalis
1287 1405 1468 1450 incipitur.

812 1456 1052 1501 Congregatio
1077 1457 1231 1501 singulis
1258 1458 1383 1493 diebus
1409 1459 1452 1493 de
1478 1459 1616 1493 ratione
1634 1459 1791 1503 eligendi
1811 1471 1912 1505 prae-

870 1511 976 1555 positi
1003 1511 1183 1554 generalis
1210 1511 1297 1555 agit.

812 1564 978 1599 Canisius
1005 1576 1084 1598 cum
1112 1564 1241 1598 ceteris
1270 1565 1312 1600 19
1340 1565 1556 1600 electoribus
1592 1565 1824 1610 quatriduum
1861 1567 1912 1601 in-

870 1617 967 1663 cipit,
995 1629 1064 1661 quo
1091 1618 1135 1652 ad
1162 1617 1374 1653 electionem
1399 1630 1438 1653 se
1464 1621 1692 1664 praeparent.

811 1670 977 1705 Canisius
1002 1670 1154 1705 latinam
1181 1671 1225 1705 ad
1253 1670 1427 1706 electores
1454 1671 1652 1707 orationem
1687 1672 1806 1708 habet.
1858 1673 1911 1708 Ia-

869 1724 978 1759 cobus
1004 1723 1151 1758 Lainius
1178 1727 1322 1759 creatur
1346 1725 1584 1770 praepositus.

811 1777 977 1812 Canisius
1014 1778 1050 1811 in
1087 1777 1222 1823 templo
1261 1778 1488 1821 „Pantheon“
1531 1779 1838 1824 disputationibus
1877 1782 1913 1815 et

870 1831 1201 1874 declamationibus,
1228 1832 1358 1876 quibus
1384 1832 1498 1866 Lainii
1532 1832 1659 1867 electio
1698 1833 1911 1876 celebratur,

869 1885 1031 1919 interest.

810 1938 957 1973 Lainius
993 1950 1073 1972 cum
1101 1937 1243 1973 Canisio
1279 1940 1315 1973 et
1340 1939 1385 1974 23
1412 1939 1493 1974 aliis
1527 1939 1639 1974 Sociis
1670 1939 1709 1974 in
1733 1939 1911 1975 Vaticano

870 1991 974 2026 Pauli
999 1992 1061 2026 JV.
1097 1992 1206 2037 pedes
1245 1992 1449 2034 osculatur;
1486 1993 1546 2038 qui
1581 1993 1626 2028 iis
1661 1993 1840 2028 benedicit
1875 1996 1913 2029 et

871 2044 1040 2079 Societati
1068 2057 1225 2080 amorem
1252 2045 1424 2080 declarat.

809 2130 1019 2167 ›S'eale'eleius
1033 2131 1257 2167 lutheranus
1271 2129 1470 2168 Ccme'sium
1484 2131 1625 2178 scripto
1639 2131 1910 2170 calzmmlatur.

809 2224 970 2266 Paulus
1011 2223 1086 2266 IV.
1129 2223 1355 2265 Camillum
1395 2223 1671 2266 Mentuatum
1711 2224 1909 2267 nuntium

867 2289 910 2331 in
933 2288 1159 2331 Poloniam
1192 2288 1383 2332 destinat
1416 2288 1540 2342 eique
1573 2289 1680 2331 duos
1713 2303 1736 2331 e
1767 2289 1911 2332 Socie-

868 2356 975 2405 tate,
1010 2368 1061 2396 ac
1094 2354 1312 2397 Canisium
1343 2353 1612 2406 nominatim,
1647 2354 1858 2408 adiungit.

869 2490 910 2533 S.
944 2490 984 2533 J.
1019 2494 1121 2534 ante
1152 2490 1320 2534 finitam
1355 2491 1740 2544 congregationem
1771 2491 1910 2534 Roma

868 2555 1062 2599 discedit.

807 2634 1001 2671 Pisaurum
1033 2636 1197 2680 (pesam)
1228 2636 1387 2681 equestri
1412 2636 1541 2671 itinere
1568 2636 1724 2671 advenit.

807 2689 862 2724 Ad
889 2689 1109 2724 Fridericum
1136 2689 1346 2724 Petronium
1382 2689 1477 2724 domi
1515 2689 1786 2725 decumbentem
1816 2690 1909 2735 (eius

867 2743 1091 2777 confessione
1129 2743 1228 2788 prius
1267 2742 1436 2788 excepta)
1477 2754 1616 2778 sacram
1653 2743 1907 2779 eucharistiam

868 2796 995 2830 defert.

809 2849 898 2884 Cum
923 2849 1048 2884 nuntio
1074 2847 1294 2885 Arilllinium
1322 2849 1485 2894 (Rimini)
1514 2849 1600 2884 navi
1626 2849 1782 2885 vehitur.

808 2902 896 2937 Cum
923 2903 1047 2937 eodem
1073 2915 1204 2937 navem
1229 2903 1446 2938 conscendit.

781 3011 784 3058 ff
808 3008 1008 3053 Collegium
1033 3009 1315 3053 ingolstadiense
1341 3009 1468 3045 invisit
1482 3008 1541 3055 [‘?].

784 3145 920 3183 =Hosii
948 3148 1105 3197 corriye‘t
1135 3143 1407 3197 ,‚Dc‘ccl09um“,
1434 3148 1575 3184 iterum
1605 3148 1875 3185 excedendum.
