2142 3455
216 190 349 219 XXXII

288 292 377 328 1557

288 346 378 382 1557

288 400 377 435 1557

286 488 389 528 1557

287 632 377 667 1557

288 738 377 773 1557

287 845 377 881 1557

287 1006 378 1041 1557

287 1060 377 1095 1557

281 1156 392 1198 1557

281 1518 392 1560 1557

290 1813 390 1852 1557

289 1955 379 1990 1557

290 2097 392 2137 1557

291 2298 381 2334 1557

293 2459 382 2494 1557

284 2608 396 2650 1557

294 2760 384 2794 1557

294 2813 384 2847 1557

295 2918 385 2953 1557

296 3025 386 3059 1557

297 3131 386 3165 1557

676 174 737 208 III.
775 173 936 208 Tabulae
963 173 1238 218 chronologicae
1265 175 1362 209 vitae
1390 175 1535 211 Canisii.

474 305 475 336 j
533 291 600 325 sub
626 290 719 334 Aug.
749 291 803 324 19.

474 344 475 350 ¹
533 345 600 380 sub
625 345 720 388 Aug.
748 344 803 378 23.

578 398 671 441 Aug.
700 397 755 431 29.

473 480 475 525 ἰ
520 488 599 526 Sub
629 500 677 525 m.
707 486 813 536 Sept.

514 628 611 673 Sept.
639 628 671 662 5.
697 627 758 661 vel
784 627 816 662 8.

473 686 475 710 ἵ
545 682 600 726 (ut
626 680 786 724 videtur)

493 737 590 782 Sept.
613 736 667 770 11.
694 734 782 769 hora
809 734 840 769 7.

572 789 762 824 matutina.

494 844 592 890 Sept.
604 843 659 878 13.
667 842 702 878 h.
713 843 731 877 7
739 869 745 876 .
754 843 840 876 mat.

494 1005 591 1050 Sept.
602 1004 657 1038 14.
666 1003 699 1037 h.
710 1003 741 1037 7.
754 1003 840 1036 mat.

493 1059 591 1104 Sept.
603 1057 740 1092 15.h.7.
752 1058 840 1091 mat.

495 1154 612 1208 Sept.
642 1153 708 1194 16.
733 1152 773 1194 h.
799 1153 838 1194 2.

537 1217 788 1274 postmerid.

495 1516 612 1570 Sept.
639 1516 707 1557 20.
732 1514 773 1556 h.
799 1515 837 1556 2.
862 1514 865 1543 ἒ

538 1579 792 1636 postmerid.

508 1811 614 1862 Sept.
644 1832 694 1837 —
724 1810 822 1849 Nov.

520 1953 629 1999 Sept„
656 1954 739 1987 ante
766 1952 821 1988 29.

569 2095 675 2146 Sept.
704 2096 766 2134 30.

531 2295 610 2330 Oct.
638 2296 682 2337 6.,
710 2297 752 2337 7.,
780 2295 811 2330 8.

602 2455 682 2491 Oct.
709 2455 740 2490 8.

513 2604 592 2646 sub
627 2605 695 2646 25.
731 2604 826 2647 Oct.

588 2756 666 2791 Oct.
695 2756 750 2791 29.

588 2810 669 2846 Oct.
696 2810 752 2845 30.

588 2916 668 2952 Oct.
696 2916 751 2951 31.

589 3023 668 3058 Oct.
696 3023 751 3057 31.

596 3129 687 3164 Nov.
718 3129 746 3164 1.

890 287 1082 335 Elvangae
1109 291 1277 325 Ottonem
1305 291 1520 326 cardinalem
1549 296 1790 336 augustanum
1817 293 1953 328 invisit.

891 342 979 377 Cum
1007 343 1045 378 P.
1067 344 1240 379 Goudano
1267 346 1303 378 et
1320 344 1377 378 Fr.
1397 344 1548 379 Villario
1575 344 1803 381 Yormatiam
1830 346 1988 381 advenit.

890 396 929 430 In
957 397 1111 432 ecclesia
1137 397 1336 432 cathedrali
1365 398 1518 442 primum
1545 398 1781 433 contionatur.

889 486 1052 524 Ioannes
1073 488 1268 535 Goossens,
1283 487 1475 535 parochus
1494 488 1545 523 (td
1558 487 1596 524 S.
1611 487 1737 525 Iacobi
1754 491 1989 539 antverpien-

948 548 1016 595 ..s-is,
1037 544 1283 596 „Snmmanff‘
1308 546 1455 583 Cunissa·
1482 549 1707 595 recoynoscit
1733 552 1765 584 et
1793 549 1988 597 approbat.

890 625 1056 660 Canisius
1082 626 1290 661 Vormatiae
1317 627 1447 662 iterum
1475 627 1711 662 contionatur.

888 733 1010 767 Prima
1035 733 1149 768 sessio
1176 733 1342 778 colloquii
1378 733 1644 768 vormatiensis.
1696 733 1861 769 Canisius
1896 735 1990 769 inter

948 786 1182 821 collocutores
1209 787 1405 822 catholicos
1431 787 1595 831 quintum
1620 786 1739 821 locum
1764 789 1874 822 tenet.

889 840 1007 875 Sessio
1034 841 1078 875 II.
1131 840 1296 875 Canisius
1323 853 1403 875 cum
1432 841 1562 875 ceteris
1589 840 1756 885 colloquii
1786 840 1989 877 hominibus

949 894 1033 928 data
1072 895 1199 928 dextra
1226 895 1404 939 promittit
1430 906 1468 929 se
1495 894 1677 929 silentium
1714 894 1988 930 observaturum

949 960 990 982 ac
1016 947 1073 993 pie
1101 950 1135 982 et
1162 948 1276 982 amice
1302 959 1340 982 se
1368 949 1566 992 gesturum.

865 976 866 980 ¹
891 1000 1010 1035 sessio
1037 1001 1100 1034 111.

890 1053 1010 1089 Sessio
1038 1054 1098 1089 IV.

889 1149 1032 1192 Sessio
1055 1150 1107 1192 V.
1133 1148 1328 1191 Canisius
1359 1148 1518 1191 recitat
1549 1163 1804 1203 responsum
1837 1149 1989 1192 catho-

947 1215 1128 1257 licorum
1181 1214 1236 1256 ad
1291 1213 1499 1268 scriptum
1555 1214 1894 1268 protestantium
1945 1214 1988 1256 in

947 1295 1053 1323 sess.
1077 1280 1151 1323 IV.
1175 1279 1420 1322 recitatum.
1456 1279 1765 1321 Melanchthon
1788 1279 1827 1321 ei
1848 1294 1989 1333 pauca

946 1345 1203 1400 respondet,
1248 1345 1378 1398 longo
1424 1358 1622 1386 sermone
1664 1343 1709 1386 in
1748 1344 1987 1399 pontifices,

948 1412 1147 1453 doctores
1179 1409 1462 1452 scholasticos
1495 1412 1578 1452 etc.
1611 1409 1843 1453 invehitur.

889 1511 1031 1554 Sessio
1055 1511 1129 1554 VI.
1154 1513 1198 1553 et
1229 1509 1396 1552 ultima.
1448 1509 1644 1551 Canisius
1677 1508 1988 1552 catholicorum

947 1576 1119 1619 nomine
1140 1576 1194 1618 ad
1213 1589 1265 1617 ea
1280 1575 1528 1629 respondet,
1553 1588 1663 1629 quae
1680 1574 1988 1616 Melanchthon

950 1643 1017 1685 16.
1042 1641 1160 1696 Sept.
1190 1640 1447 1695 protulerat.
1503 1639 1583 1682 Hic
1616 1639 1656 1681 ei
1686 1640 1856 1693 largam
1889 1653 1988 1694 pro-

947 1707 1084 1750 mittit
1123 1705 1540 1757 „remunerationem
1549 1707 1583 1748 “.

890 1808 1068 1846 Canisins
1115 1806 1367 1856 theoiogyormn
1413 1805 1687 1843 lovaniensium
1739 1816 1858 1841 suasa
1904 1816 1988 1841 cum

950 1867 1137 1904 Gondano
1166 1861 1396 1915 „Snmmae“
1426 1877 1518 1902 snae
1547 1865 1728 1913 epitomen
1755 1864 1860 1911 facit.

890 1949 981 1984 Cum
1018 1948 1150 1992 legatis
1189 1946 1450 1992 archiepiscopi
1492 1945 1711 1980 treverensis
1753 1945 1796 1979 de
1838 1944 1990 1989 collegio

950 2001 1118 2036 Treveris
1144 2001 1326 2035 condendo
1353 2000 1439 2043 agit.

890 2093 1092 2141 Philimms
1120 2089 1176 2128 II.
1197 2090 1345 2127 Simoni
1373 2089 1464 2126 Coco
1493 2093 1526 2126 et
1554 2089 1694 2126 Ioanni
1719 2088 1990 2136 Vcrwithayen,

951 2151 1197 2200 typoyraphis
1216 2148 1554 2197 antverpiensibns)
1574 2148 1788 2185 catechismi
1801 2147 1990 2184 canisiani

952 2210 1151 2259 enalyandi
1172 2209 1420 2258 privileyinm
1450 2207 1594 2245 tribuit.

892 2292 1055 2336 Quinque
1080 2289 1259 2332 theologis
1285 2287 1485 2323 lutheranis
1504 2299 1567 2333 per
1586 2289 1724 2321 ceteros
1749 2288 1991 2332 protestantes

951 2358 997 2380 ex
1015 2343 1191 2388 colloquio
1211 2342 1380 2384 exclusis,
1407 2341 1537 2386 reliqui
1554 2340 1742 2384 utriusque
1760 2339 1875 2385 partis
1893 2339 1990 2374 theo-

951 2399 1025 2443 logi
1049 2400 1106 2432 ter
1132 2397 1411 2440 congregantur.

891 2453 1144 2488 Protestantes
1182 2450 1226 2484 ad
1264 2449 1460 2483 orationem
1499 2447 1634 2483 Canisii
1676 2446 1732 2481 20.
1772 2444 1992 2491 Septembris

951 2506 1113 2540 habitam
1137 2503 1365 2549 respondent.

893 2600 1112 2654 Colloquio
1147 2599 1406 2652 interrupto,
1441 2595 1649 2646 Canisius‚
1683 2593 1990 2636 coloniensium

953 2666 1186 2708 amicorum
1220 2665 1401 2717 rogatu,
1439 2659 1659 2703 Coloniam
1692 2659 1989 2714 proficiscitur.

894 2751 1076 2789 Coloniam
1095 2750 1243 2786 advenit
1260 2752 1296 2784 et
1312 2750 1348 2784 in
1367 2747 1557 2791 collegium
1573 2746 1763 2781 Societatis
1782 2745 1992 2780 devertitur.

894 2808 949 2842 Ab
969 2807 1099 2842 Ioanne
1118 2804 1302 2849 Groppero
1327 2801 1532 2848 praeposito
1550 2799 1724 2835 bonnensi
1743 2799 1786 2833 ad
1804 2798 1993 2844 prandium

895 2862 1234 2954 Efgggatllltr-Sociis
1260 2908 1416 2944 facultas
1450 2908 1516 2942 fiat
1547 2907 1582 2941 in
1617 2905 1751 2951 templo
1778 2905 1811 2940 S.
1844 2903 1992 2938 Ursulae

955 2965 1193 3001 contionandi.

897 3020 1000 3066 Apud
1037 3019 1206 3054 Ioannem
1246 3015 1474 3051 Gebhardum
1518 3013 1561 3048 de
1598 3011 1779 3047 Mansfeld
1820 3009 1993 3045 ecclesiae

954 3071 1251 3118 metropolitanae
1282 3067 1617 3113 „chorepiscopum“
1647 3065 1809 3111 prandet.

897 3127 1002 3162 Festo
1014 3125 1181 3160 Omnium
1195 3123 1405 3158 Sanctorum
1420 3132 1523 3155 mane
1537 3119 1573 3154 in
1587 3117 1803 3153 monasterio
1816 3116 1850 3151 S.
1859 3115 1990 3160 Ignatii

956 3190 1098 3214 sacrum
1124 3177 1213 3212 facit
1238 3177 1274 3211 et
1298 3174 1534 3210 contionatur.
