<?xml version="1.0" encoding="UTF-8"?>
<!DOCTYPE html PUBLIC "-//W3C//DTD XHTML 1.0 Transitional//EN"
    "http://www.w3.org/TR/xhtml1/DTD/xhtml1-transitional.dtd">
<html xmlns="http://www.w3.org/1999/xhtml" xml:lang="en" lang="en">
 <head>
  <title>
</title>
<meta http-equiv="Content-Type" content="text/html;charset=utf-8" />
  <meta name='ocr-system' content='tesseract 3.04.00' />
  <meta name='ocr-capabilities' content='ocr_page ocr_carea ocr_par ocr_line ocrx_word'/>
</head>
<body>
  <div class='ocr_page' id='page_1' title='image "beatipetricanisi02cani_0192.png"; bbox 0 0 2142 3455; ppageno 0'>
   <div class='ocr_carea' id='block_1_1' title="bbox 176 144 1803 192">
    <p class='ocr_par' dir='ltr' id='par_1_1' title="bbox 176 144 1803 192">
     <span class='ocr_line' id='line_1_1' title="bbox 176 144 1803 192; baseline 0.001 -12"><span class='ocrx_word' id='word_1_1' title='bbox 176 150 257 190; x_wconf 78' lang='lat'>124</span> <span class='ocrx_word' id='word_1_2' title='bbox 316 147 395 180; x_wconf 73' lang='lat'><strong>9:37.</strong></span> <span class='ocrx_word' id='word_1_3' title='bbox 432 146 584 180; x_wconf 80' lang='lat' dir='ltr'>Ioannes</span> <span class='ocrx_word' id='word_1_4' title='bbox 611 144 774 189; x_wconf 83' lang='lat' dir='ltr'>Gropper</span> <span class='ocrx_word' id='word_1_5' title='bbox 801 144 955 179; x_wconf 82' lang='lat' dir='ltr'>Cauisio.</span> <span class='ocrx_word' id='word_1_6' title='bbox 995 144 1141 179; x_wconf 82' lang='lat' dir='ltr'>Colonia</span> <span class='ocrx_word' id='word_1_7' title='bbox 1166 145 1367 191; x_wconf 83' lang='lat' dir='ltr'>Agrippina</span> <span class='ocrx_word' id='word_1_8' title='bbox 1393 146 1425 181; x_wconf 86' lang='lat'>2.</span> <span class='ocrx_word' id='word_1_9' title='bbox 1453 145 1674 192; x_wconf 81' lang='lat' dir='ltr'><strong>Septembris</strong></span> <span class='ocrx_word' id='word_1_10' title='bbox 1701 147 1803 182; x_wconf 82' lang='lat'>1557.</span> 
     </span>
    </p>
   </div>
   <div class='ocr_carea' id='block_1_2' title="bbox 170 261 1947 2081">
    <p class='ocr_par' dir='ltr' id='par_1_2' title="bbox 170 261 1947 2081">
     <span class='ocr_line' id='line_1_2' title="bbox 172 261 1938 320; baseline 0.001 -15"><span class='ocrx_word' id='word_1_11' title='bbox 172 264 222 306; x_wconf 89' lang='lat' dir='ltr'>D.</span> <span class='ocrx_word' id='word_1_12' title='bbox 248 263 417 313; x_wconf 75' lang='lat' dir='ltr'>zasio1‚</span> <span class='ocrx_word' id='word_1_13' title='bbox 452 262 523 316; x_wconf 87' lang='lat' dir='ltr'>qui</span> <span class='ocrx_word' id='word_1_14' title='bbox 555 276 623 304; x_wconf 92' lang='lat' dir='ltr'>me</span> <span class='ocrx_word' id='word_1_15' title='bbox 656 262 807 304; x_wconf 88' lang='lat' dir='ltr'>eadem</span> <span class='ocrx_word' id='word_1_16' title='bbox 830 261 911 303; x_wconf 87' lang='lat' dir='ltr'>hac</span> <span class='ocrx_word' id='word_1_17' title='bbox 934 262 985 304; x_wconf 91' lang='lat' dir='ltr'>de</span> <span class='ocrx_word' id='word_1_18' title='bbox 1009 276 1163 304; x_wconf 78' lang='lat' dir='ltr'>caussa</span> <span class='ocrx_word' id='word_1_19' title='bbox 1194 262 1263 304; x_wconf 92' lang='lat' dir='ltr'>hic</span> <span class='ocrx_word' id='word_1_20' title='bbox 1296 262 1497 307; x_wconf 89' lang='lat' dir='ltr'>conuenit</span> <span class='ocrx_word' id='word_1_21' title='bbox 1520 264 1714 318; x_wconf 80' lang='lat' dir='ltr'>exposui,</span> <span class='ocrx_word' id='word_1_22' title='bbox 1748 267 1938 320; x_wconf 89' lang='lat' dir='ltr'>putoque</span> 
     </span>
     <span class='ocr_line' id='line_1_3' title="bbox 171 326 1939 384; baseline 0.002 -16"><span class='ocrx_word' id='word_1_23' title='bbox 171 328 365 381; x_wconf 77' lang='lat' dir='ltr'>vtrisque</span> <span class='ocrx_word' id='word_1_24' title='bbox 398 342 466 369; x_wconf 91' lang='lat' dir='ltr'>me</span> <span class='ocrx_word' id='word_1_25' title='bbox 499 327 668 369; x_wconf 81' lang='lat' dir='ltr'>abunde</span> <span class='ocrx_word' id='word_1_26' title='bbox 701 326 982 378; x_wconf 78' lang='lat' dir='ltr'>satisfecisse,</span> <span class='ocrx_word' id='word_1_27' title='bbox 1016 329 1066 370; x_wconf 84' lang='lat' dir='ltr'>vt</span> <span class='ocrx_word' id='word_1_28' title='bbox 1098 330 1142 370; x_wconf 91' lang='lat' dir='ltr'>et</span> <span class='ocrx_word' id='word_1_29' title='bbox 1173 341 1242 369; x_wconf 89' lang='lat' dir='ltr'>me</span> <span class='ocrx_word' id='word_1_30' title='bbox 1274 327 1366 379; x_wconf 86' lang='lat' dir='ltr'>tibi,</span> <span class='ocrx_word' id='word_1_31' title='bbox 1402 327 1496 370; x_wconf 89' lang='lat' dir='ltr'>viro</span> <span class='ocrx_word' id='word_1_32' title='bbox 1528 331 1620 371; x_wconf 88' lang='lat' dir='ltr'>tam</span> <span class='ocrx_word' id='word_1_33' title='bbox 1652 329 1855 384; x_wconf 85' lang='lat' dir='ltr'>religioso</span> <span class='ocrx_word' id='word_1_34' title='bbox 1889 343 1939 372; x_wconf 89' lang='lat' dir='ltr'>ac</span> 
     </span>
     <span class='ocr_line' id='line_1_4' title="bbox 172 391 1940 446; baseline 0.002 -12"><span class='ocrx_word' id='word_1_35' title='bbox 172 393 375 443; x_wconf 83' lang='lat' dir='ltr'>candido,</span> <span class='ocrx_word' id='word_1_36' title='bbox 418 392 746 435; x_wconf 85' lang='lat' dir='ltr'>satisfacturum</span> <span class='ocrx_word' id='word_1_37' title='bbox 787 391 939 434; x_wconf 70' lang='lat' dir='ltr'>facile⁸</span> <span class='ocrx_word' id='word_1_38' title='bbox 971 391 1076 434; x_wconf 87' lang='lat' dir='ltr'>nihil</span> <span class='ocrx_word' id='word_1_39' title='bbox 1110 392 1350 446; x_wconf 82' lang='lat' dir='ltr'>ambigam,</span> <span class='ocrx_word' id='word_1_40' title='bbox 1394 393 1520 435; x_wconf 91' lang='lat' dir='ltr'>modo</span> <span class='ocrx_word' id='word_1_41' title='bbox 1553 395 1623 436; x_wconf 90' lang='lat' dir='ltr'>vel</span> <span class='ocrx_word' id='word_1_42' title='bbox 1656 395 1711 437; x_wconf 91' lang='lat' dir='ltr'>ad</span> <span class='ocrx_word' id='word_1_43' title='bbox 1742 395 1940 437; x_wconf 89' lang='lat' dir='ltr'>horulam</span> 
     </span>
     <span class='ocr_line' id='line_1_5' title="bbox 170 457 1941 514; baseline 0.001 -15"><span class='ocrx_word' id='word_1_44' title='bbox 170 460 313 500; x_wconf 88' lang='lat' dir='ltr'>tecum</span> <span class='ocrx_word' id='word_1_45' title='bbox 347 457 532 511; x_wconf 86' lang='lat' dir='ltr'>colloqui</span> <span class='ocrx_word' id='word_1_46' title='bbox 566 457 764 508; x_wconf 89' lang='lat' dir='ltr'>daretur,</span> <span class='ocrx_word' id='word_1_47' title='bbox 804 457 981 500; x_wconf 90' lang='lat' dir='ltr'>tametsi</span> <span class='ocrx_word' id='word_1_48' title='bbox 1015 471 1184 511; x_wconf 88' lang='lat' dir='ltr'>quoque</span> <span class='ocrx_word' id='word_1_49' title='bbox 1217 457 1511 500; x_wconf 89' lang='lat' dir='ltr'>Louanienses</span> <span class='ocrx_word' id='word_1_50' title='bbox 1543 459 1752 514; x_wconf 86' lang='lat' dir='ltr'>Theologi</span> <span class='ocrx_word' id='word_1_51' title='bbox 1784 461 1866 502; x_wconf 88' lang='lat' dir='ltr'>hac</span> <span class='ocrx_word' id='word_1_52' title='bbox 1896 459 1941 501; x_wconf 87' lang='lat' dir='ltr'>in</span> 
     </span>
     <span class='ocr_line' id='line_1_6' title="bbox 170 520 1941 578; baseline 0.001 -14"><span class='ocrx_word' id='word_1_53' title='bbox 170 536 218 564; x_wconf 89' lang='lat' dir='ltr'>re</span> <span class='ocrx_word' id='word_1_54' title='bbox 258 523 362 564; x_wconf 91' lang='lat' dir='ltr'>mihi</span> <span class='ocrx_word' id='word_1_55' title='bbox 395 520 455 578; x_wconf 68' lang='lat' dir='ltr'>[P]</span> <span class='ocrx_word' id='word_1_56' title='bbox 489 522 743 565; x_wconf 90' lang='lat' dir='ltr'>Vormatiae</span> <span class='ocrx_word' id='word_1_57' title='bbox 777 520 865 577; x_wconf 80' lang='lat'>[?]¹&#39;</span> <span class='ocrx_word' id='word_1_58' title='bbox 898 536 1074 577; x_wconf 82' lang='lat' dir='ltr'>operam</span> <span class='ocrx_word' id='word_1_59' title='bbox 1115 523 1230 577; x_wconf 91' lang='lat' dir='ltr'>apud</span> <span class='ocrx_word' id='word_1_60' title='bbox 1262 525 1306 565; x_wconf 89' lang='lat' dir='ltr'>te</span> <span class='ocrx_word' id='word_1_61' title='bbox 1338 525 1535 577; x_wconf 80' lang='lat' dir='ltr'>prestare</span> <span class='ocrx_word' id='word_1_62' title='bbox 1576 528 1759 578; x_wconf 89' lang='lat' dir='ltr'>queant,</span> <span class='ocrx_word' id='word_1_63' title='bbox 1802 524 1941 568; x_wconf 90' lang='lat' dir='ltr'>literis</span> 
     </span>
     <span class='ocr_line' id='line_1_7' title="bbox 172 587 1942 643; baseline 0.001 -13"><span class='ocrx_word' id='word_1_64' title='bbox 172 602 267 630; x_wconf 89' lang='lat' dir='ltr'>cum</span> <span class='ocrx_word' id='word_1_65' title='bbox 309 590 404 631; x_wconf 89' lang='lat' dir='ltr'>tuto</span> <span class='ocrx_word' id='word_1_66' title='bbox 447 587 751 631; x_wconf 83' lang='lat' dir='ltr'>excusationes</span> <span class='ocrx_word' id='word_1_67' title='bbox 791 591 908 630; x_wconf 85' lang='lat' dir='ltr'>meec</span> <span class='ocrx_word' id='word_1_68' title='bbox 941 587 1149 631; x_wconf 74' lang='lat' dir='ltr'>committi</span> <span class='ocrx_word' id='word_1_69' title='bbox 1192 602 1277 629; x_wconf 90' lang='lat' dir='ltr'>non</span> <span class='ocrx_word' id='word_1_70' title='bbox 1309 588 1491 643; x_wconf 89' lang='lat' dir='ltr'>possint.</span> <span class='ocrx_word' id='word_1_71' title='bbox 1555 588 1842 639; x_wconf 84' lang='lat' dir='ltr'>Quamobrem</span> <span class='ocrx_word' id='word_1_72' title='bbox 1874 589 1942 631; x_wconf 88' lang='lat' dir='ltr'>vir</span> 
     </span>
     <span class='ocr_line' id='line_1_8' title="bbox 171 653 1941 708; baseline 0.001 -14"><span class='ocrx_word' id='word_1_73' title='bbox 171 653 426 695; x_wconf 85' lang='lat' dir='ltr'>Reuerende</span> <span class='ocrx_word' id='word_1_74' title='bbox 457 667 534 708; x_wconf 88' lang='lat' dir='ltr'>per</span> <span class='ocrx_word' id='word_1_75' title='bbox 565 656 760 696; x_wconf 84' lang='lat' dir='ltr'>veterem</span> <span class='ocrx_word' id='word_1_76' title='bbox 793 655 988 696; x_wconf 88' lang='lat' dir='ltr'>nostram</span> <span class='ocrx_word' id='word_1_77' title='bbox 1021 656 1065 696; x_wconf 90' lang='lat' dir='ltr'>et</span> <span class='ocrx_word' id='word_1_78' title='bbox 1096 667 1315 706; x_wconf 89' lang='lat' dir='ltr'>nunquam</span> <span class='ocrx_word' id='word_1_79' title='bbox 1338 656 1388 696; x_wconf 89' lang='lat' dir='ltr'>vt</span> <span class='ocrx_word' id='word_1_80' title='bbox 1409 667 1536 708; x_wconf 89' lang='lat' dir='ltr'>spero</span> <span class='ocrx_word' id='word_1_81' title='bbox 1568 654 1941 698; x_wconf 84' lang='lat' dir='ltr'>intermorituram</span> 
     </span>
     <span class='ocr_line' id='line_1_9' title="bbox 172 718 1942 773; baseline 0.001 -13"><span class='ocrx_word' id='word_1_82' title='bbox 172 718 406 761; x_wconf 81' lang='lat' dir='ltr'>amicitiam</span> <span class='ocrx_word' id='word_1_83' title='bbox 438 720 483 761; x_wconf 90' lang='lat' dir='ltr'>te</span> <span class='ocrx_word' id='word_1_84' title='bbox 515 718 798 761; x_wconf 85' lang='lat' dir='ltr'>vehementer</span> <span class='ocrx_word' id='word_1_85' title='bbox 829 732 936 772; x_wconf 87' lang='lat' dir='ltr'>rogo</span> <span class='ocrx_word' id='word_1_86' title='bbox 969 721 1101 772; x_wconf 89' lang='lat' dir='ltr'>atque</span> <span class='ocrx_word' id='word_1_87' title='bbox 1134 718 1352 770; x_wconf 88' lang='lat' dir='ltr'>obtestor,</span> <span class='ocrx_word' id='word_1_88' title='bbox 1394 721 1445 762; x_wconf 81' lang='lat' dir='ltr'>vt</span> <span class='ocrx_word' id='word_1_89' title='bbox 1476 719 1512 761; x_wconf 91' lang='lat' dir='ltr'>si</span> <span class='ocrx_word' id='word_1_90' title='bbox 1545 733 1675 773; x_wconf 90' lang='lat' dir='ltr'>quam</span> <span class='ocrx_word' id='word_1_91' title='bbox 1706 733 1856 762; x_wconf 91' lang='lat' dir='ltr'>recens</span> <span class='ocrx_word' id='word_1_92' title='bbox 1889 720 1942 762; x_wconf 92' lang='lat' dir='ltr'>de</span> 
     </span>
     <span class='ocr_line' id='line_1_10' title="bbox 171 783 1942 840; baseline 0.001 -15"><span class='ocrx_word' id='word_1_93' title='bbox 171 797 281 834; x_wconf 83' lang='lat' dir='ltr'>mea,</span> <span class='ocrx_word' id='word_1_94' title='bbox 316 798 401 837; x_wconf 90' lang='lat' dir='ltr'>qua</span> <span class='ocrx_word' id='word_1_95' title='bbox 431 783 475 825; x_wconf 91' lang='lat' dir='ltr'>in</span> <span class='ocrx_word' id='word_1_96' title='bbox 509 783 667 827; x_wconf 83' lang='lat' dir='ltr'>Christi</span> <span class='ocrx_word' id='word_1_97' title='bbox 699 786 745 827; x_wconf 93' lang='lat' dir='ltr'>et</span> <span class='ocrx_word' id='word_1_98' title='bbox 776 783 971 826; x_wconf 88' lang='lat' dir='ltr'>Ecclesie</span> <span class='ocrx_word' id='word_1_99' title='bbox 1002 784 1131 826; x_wconf 87' lang='lat' dir='ltr'>rebus</span> <span class='ocrx_word' id='word_1_100' title='bbox 1164 798 1370 839; x_wconf 89' lang='lat' dir='ltr'>occuper,</span> <span class='ocrx_word' id='word_1_101' title='bbox 1404 784 1623 836; x_wconf 90' lang='lat' dir='ltr'>socordia,</span> <span class='ocrx_word' id='word_1_102' title='bbox 1658 784 1942 840; x_wconf 89' lang='lat' dir='ltr'>suspitionem</span> 
     </span>
     <span class='ocr_line' id='line_1_11' title="bbox 172 848 1943 904; baseline 0.001 -14"><span class='ocrx_word' id='word_1_103' title='bbox 172 848 315 891; x_wconf 86' lang='lat' dir='ltr'>animo</span> <span class='ocrx_word' id='word_1_104' title='bbox 357 848 615 903; x_wconf 84' lang='lat' dir='ltr'>concepisti,</span> <span class='ocrx_word' id='word_1_105' title='bbox 661 863 758 891; x_wconf 90' lang='lat' dir='ltr'>eam</span> <span class='ocrx_word' id='word_1_106' title='bbox 799 851 849 892; x_wconf 92' lang='lat' dir='ltr'>vt</span> <span class='ocrx_word' id='word_1_107' title='bbox 888 849 1062 904; x_wconf 89' lang='lat' dir='ltr'>penitus</span> <span class='ocrx_word' id='word_1_108' title='bbox 1103 850 1319 904; x_wconf 86' lang='lat' dir='ltr'>deponas,</span> <span class='ocrx_word' id='word_1_109' title='bbox 1366 849 1643 904; x_wconf 89' lang='lat' dir='ltr'>confidasque</span> <span class='ocrx_word' id='word_1_110' title='bbox 1683 864 1770 892; x_wconf 92' lang='lat' dir='ltr'>non</span> <span class='ocrx_word' id='word_1_111' title='bbox 1811 849 1943 892; x_wconf 90' lang='lat' dir='ltr'>alium</span> 
     </span>
     <span class='ocr_line' id='line_1_12' title="bbox 171 913 1943 970; baseline 0.001 -14"><span class='ocrx_word' id='word_1_112' title='bbox 171 914 355 969; x_wconf 89' lang='lat' dir='ltr'>posthac</span> <span class='ocrx_word' id='word_1_113' title='bbox 386 913 504 956; x_wconf 91' lang='lat' dir='ltr'>hisce</span> <span class='ocrx_word' id='word_1_114' title='bbox 537 914 581 956; x_wconf 93' lang='lat' dir='ltr'>in</span> <span class='ocrx_word' id='word_1_115' title='bbox 613 915 741 957; x_wconf 88' lang='lat' dir='ltr'>rebus</span> <span class='ocrx_word' id='word_1_116' title='bbox 769 914 1009 970; x_wconf 87' lang='lat' dir='ltr'>Groperum</span> <span class='ocrx_word' id='word_1_117' title='bbox 1040 915 1236 958; x_wconf 86' lang='lat' dir='ltr'>futurum</span> <span class='ocrx_word' id='word_1_118' title='bbox 1269 929 1397 968; x_wconf 88' lang='lat' dir='ltr'>quam</span> <span class='ocrx_word' id='word_1_119' title='bbox 1430 915 1616 958; x_wconf 85' lang='lat' dir='ltr'>antehac</span> <span class='ocrx_word' id='word_1_120' title='bbox 1647 914 1731 958; x_wconf 88' lang='lat' dir='ltr'>fuit</span> <span class='ocrx_word' id='word_1_121' title='bbox 1763 915 1844 958; x_wconf 90' lang='grc'>1166</span> <span class='ocrx_word' id='word_1_122' title='bbox 1876 918 1943 958; x_wconf 90' lang='lat' dir='ltr'>est</span> 
     </span>
     <span class='ocr_line' id='line_1_13' title="bbox 171 979 1943 1035; baseline 0 -13"><span class='ocrx_word' id='word_1_123' title='bbox 171 993 250 1034; x_wconf 88' lang='lat' dir='ltr'>per</span> <span class='ocrx_word' id='word_1_124' title='bbox 271 979 352 1022; x_wconf 91' lang='lat' dir='ltr'>Dei</span> <span class='ocrx_word' id='word_1_125' title='bbox 374 979 565 1033; x_wconf 81' lang='lat' dir='ltr'>gratiam</span> <span class='ocrx_word' id='word_1_126' title='bbox 586 979 865 1034; x_wconf 90' lang='lat' dir='ltr'>impauidum,</span> <span class='ocrx_word' id='word_1_127' title='bbox 898 979 1099 1034; x_wconf 86' lang='lat' dir='ltr'>illiusque</span> <span class='ocrx_word' id='word_1_128' title='bbox 1122 980 1364 1035; x_wconf 91' lang='lat' dir='ltr'>Apostolici</span> <span class='ocrx_word' id='word_1_129' title='bbox 1390 980 1493 1023; x_wconf 89' lang='lat' dir='ltr'>dicti</span> <span class='ocrx_word' id='word_1_130' title='bbox 1516 994 1687 1035; x_wconf 88' lang='lat' dir='ltr'>semper</span> <span class='ocrx_word' id='word_1_131' title='bbox 1708 994 1943 1023; x_wconf 89' lang='lat' dir='ltr'>memorem</span> 
     </span>
     <span class='ocr_line' id='line_1_14' title="bbox 173 1045 1941 1096; baseline 0.001 -9"><span class='ocrx_word' id='word_1_132' title='bbox 173 1059 224 1087; x_wconf 89' lang='lat' dir='ltr'>ac</span> <span class='ocrx_word' id='word_1_133' title='bbox 270 1048 490 1088; x_wconf 84' lang='lat' dir='ltr'>tenacem:</span> <span class='ocrx_word' id='word_1_134' title='bbox 546 1045 815 1087; x_wconf 85' lang='lat' dir='ltr'>Timorem</span> <span class='ocrx_word' id='word_1_135' title='bbox 869 1048 1052 1088; x_wconf 88' lang='lat' dir='ltr'>autem</span> <span class='ocrx_word' id='word_1_136' title='bbox 1104 1059 1288 1088; x_wconf 91' lang='lat' dir='ltr'>eorum</span> <span class='ocrx_word' id='word_1_137' title='bbox 1334 1060 1400 1088; x_wconf 91' lang='lat' dir='ltr'>ne</span> <span class='ocrx_word' id='word_1_138' title='bbox 1452 1045 1764 1089; x_wconf 85' lang='lat' dir='ltr'>timueritis</span> <span class='ocrx_word' id='word_1_139' title='bbox 1813 1047 1941 1096; x_wconf 79' lang='lat' dir='ltr'>etc.2,</span> 
     </span>
     <span class='ocr_line' id='line_1_15' title="bbox 172 1110 1943 1166; baseline 0 -13"><span class='ocrx_word' id='word_1_140' title='bbox 172 1111 319 1163; x_wconf 90' lang='lat' dir='ltr'>thue</span> <span class='ocrx_word' id='word_1_141' title='bbox 351 1124 429 1165; x_wconf 90' lang='lat' dir='ltr'>pro</span> <span class='ocrx_word' id='word_1_142' title='bbox 468 1113 690 1165; x_wconf 89' lang='lat' dir='ltr'>comperto</span> <span class='ocrx_word' id='word_1_143' title='bbox 731 1110 915 1161; x_wconf 87' lang='lat' dir='ltr'>habeas,</span> <span class='ocrx_word' id='word_1_144' title='bbox 959 1111 1319 1164; x_wconf 86' lang='lat' dir='ltr'>quemadmodum</span> <span class='ocrx_word' id='word_1_145' title='bbox 1353 1113 1397 1154; x_wconf 93' lang='lat' dir='ltr'>te</span> <span class='ocrx_word' id='word_1_146' title='bbox 1428 1113 1506 1153; x_wconf 87' lang='lat' dir='ltr'>tua</span> <span class='ocrx_word' id='word_1_147' title='bbox 1548 1110 1813 1154; x_wconf 87' lang='lat' dir='ltr'>conscientia</span> <span class='ocrx_word' id='word_1_148' title='bbox 1844 1125 1943 1166; x_wconf 90' lang='lat' dir='ltr'>per-</span> 
     </span>
     <span class='ocr_line' id='line_1_16' title="bbox 172 1174 1944 1230; baseline 0.001 -13"><span class='ocrx_word' id='word_1_149' title='bbox 172 1175 310 1218; x_wconf 91' lang='lat' dir='ltr'>mouit</span> <span class='ocrx_word' id='word_1_150' title='bbox 341 1190 410 1218; x_wconf 92' lang='lat' dir='ltr'>me</span> <span class='ocrx_word' id='word_1_151' title='bbox 439 1179 488 1218; x_wconf 83' lang='lat' dir='ltr'>vt</span> <span class='ocrx_word' id='word_1_152' title='bbox 511 1176 566 1218; x_wconf 89' lang='lat' dir='ltr'>ad</span> <span class='ocrx_word' id='word_1_153' title='bbox 587 1190 767 1230; x_wconf 83' lang='lat' dir='ltr'>presens</span> <span class='ocrx_word' id='word_1_154' title='bbox 790 1175 1059 1229; x_wconf 87' lang='lat' dir='ltr'>Colloquium</span> <span class='ocrx_word' id='word_1_155' title='bbox 1079 1175 1303 1227; x_wconf 89' lang='lat' dir='ltr'>inuitares,</span> <span class='ocrx_word' id='word_1_156' title='bbox 1337 1176 1401 1219; x_wconf 90' lang='lat' dir='ltr'>ita</span> <span class='ocrx_word' id='word_1_157' title='bbox 1432 1176 1622 1219; x_wconf 87' lang='lat' dir='ltr'>vicissim</span> <span class='ocrx_word' id='word_1_158' title='bbox 1651 1174 1818 1219; x_wconf 83' lang='lat' dir='ltr'>meamd</span> <span class='ocrx_word' id='word_1_159' title='bbox 1839 1176 1944 1218; x_wconf 89' lang='lat' dir='ltr'>mihi</span> 
     </span>
     <span class='ocr_line' id='line_1_17' title="bbox 172 1240 1943 1296; baseline 0.001 -14"><span class='ocrx_word' id='word_1_160' title='bbox 172 1255 259 1283; x_wconf 91' lang='lat' dir='ltr'>non</span> <span class='ocrx_word' id='word_1_161' title='bbox 291 1240 557 1296; x_wconf 85' lang='lat' dir='ltr'>permittere,</span> <span class='ocrx_word' id='word_1_162' title='bbox 592 1240 654 1282; x_wconf 90' lang='lat' dir='ltr'>illi</span> <span class='ocrx_word' id='word_1_163' title='bbox 686 1242 736 1283; x_wconf 90' lang='lat' dir='ltr'>vt</span> <span class='ocrx_word' id='word_1_164' title='bbox 767 1255 836 1283; x_wconf 91' lang='lat' dir='ltr'>me</span> <span class='ocrx_word' id='word_1_165' title='bbox 857 1240 1135 1292; x_wconf 91' lang='lat' dir='ltr'>immisceam,</span> <span class='ocrx_word' id='word_1_166' title='bbox 1169 1241 1343 1284; x_wconf 90' lang='lat' dir='ltr'>interim</span> <span class='ocrx_word' id='word_1_167' title='bbox 1370 1244 1517 1285; x_wconf 88' lang='lat' dir='ltr'>autem</span> <span class='ocrx_word' id='word_1_168' title='bbox 1539 1242 1714 1295; x_wconf 86' lang='lat' dir='ltr'>Vtrique</span> <span class='ocrx_word' id='word_1_169' title='bbox 1745 1244 1943 1284; x_wconf 88' lang='lat' dir='ltr'>nostrum</span> 
     </span>
     <span class='ocr_line' id='line_1_18' title="bbox 173 1305 1942 1362; baseline 0.001 -14"><span class='ocrx_word' id='word_1_170' title='bbox 173 1320 252 1348; x_wconf 84' lang='lat' dir='ltr'>sua</span> <span class='ocrx_word' id='word_1_171' title='bbox 285 1305 437 1359; x_wconf 85' lang='lat' dir='ltr'>cuique</span> <span class='ocrx_word' id='word_1_172' title='bbox 471 1306 736 1349; x_wconf 88' lang='lat' dir='ltr'>conscientia</span> <span class='ocrx_word' id='word_1_173' title='bbox 758 1307 850 1348; x_wconf 93' lang='lat' dir='ltr'>Deo</span> <span class='ocrx_word' id='word_1_174' title='bbox 884 1307 1206 1361; x_wconf 88' lang='lat' dir='ltr'>comprobanda</span> <span class='ocrx_word' id='word_1_175' title='bbox 1226 1306 1395 1359; x_wconf 74' lang='lat' dir='ltr'>fuerit⁹‚</span> <span class='ocrx_word' id='word_1_176' title='bbox 1443 1307 1648 1361; x_wconf 90' lang='lat' dir='ltr'>Alioquin</span> <span class='ocrx_word' id='word_1_177' title='bbox 1680 1321 1766 1349; x_wconf 90' lang='lat' dir='ltr'>non</span> <span class='ocrx_word' id='word_1_178' title='bbox 1787 1306 1942 1362; x_wconf 90' lang='lat' dir='ltr'>patrie,</span> 
     </span>
     <span class='ocr_line' id='line_1_19' title="bbox 174 1369 1947 1426; baseline 0 -12"><span class='ocrx_word' id='word_1_179' title='bbox 174 1386 261 1414; x_wconf 88' lang='lat' dir='ltr'>non</span> <span class='ocrx_word' id='word_1_180' title='bbox 287 1371 496 1422; x_wconf 88' lang='lat' dir='ltr'>Ecclesie‚</span> <span class='ocrx_word' id='word_1_181' title='bbox 530 1386 697 1414; x_wconf 92' lang='lat' dir='ltr'>summo</span> <span class='ocrx_word' id='word_1_182' title='bbox 733 1371 866 1414; x_wconf 87' lang='lat' dir='ltr'>etiam</span> <span class='ocrx_word' id='word_1_183' title='bbox 899 1386 996 1414; x_wconf 90' lang='lat' dir='ltr'>cum</span> <span class='ocrx_word' id='word_1_184' title='bbox 1029 1371 1221 1426; x_wconf 86' lang='lat' dir='ltr'>corporis</span> <span class='ocrx_word' id='word_1_185' title='bbox 1254 1375 1298 1415; x_wconf 88' lang='lat' dir='ltr'>et</span> <span class='ocrx_word' id='word_1_186' title='bbox 1329 1372 1420 1416; x_wconf 90' lang='lat' dir='ltr'>vite</span> <span class='ocrx_word' id='word_1_187' title='bbox 1452 1387 1548 1415; x_wconf 89' lang='lat' dir='ltr'>mee</span> <span class='ocrx_word' id='word_1_188' title='bbox 1580 1372 1825 1415; x_wconf 88' lang='lat' dir='ltr'>discrimine</span> <span class='ocrx_word' id='word_1_189' title='bbox 1857 1369 1947 1414; x_wconf 76' lang='lat' dir='ltr'>mef</span> 
     </span>
     <span class='ocr_line' id='line_1_20' title="bbox 175 1437 1943 1493; baseline 0.001 -14"><span class='ocrx_word' id='word_1_190' title='bbox 175 1437 423 1479; x_wconf 86' lang='lat' dir='ltr'>defuturum</span> <span class='ocrx_word' id='word_1_191' title='bbox 454 1451 645 1490; x_wconf 87' lang='lat' dir='ltr'>vnquam</span> <span class='ocrx_word' id='word_1_192' title='bbox 678 1437 891 1488; x_wconf 89' lang='lat' dir='ltr'>confidite,</span> <span class='ocrx_word' id='word_1_193' title='bbox 946 1437 1037 1480; x_wconf 89' lang='lat' dir='ltr'>Vos</span> <span class='ocrx_word' id='word_1_194' title='bbox 1067 1437 1167 1480; x_wconf 88' lang='lat' dir='ltr'>istic</span> <span class='ocrx_word' id='word_1_195' title='bbox 1198 1451 1276 1492; x_wconf 90' lang='lat' dir='ltr'>pro</span> <span class='ocrx_word' id='word_1_196' title='bbox 1309 1440 1456 1481; x_wconf 87' lang='lat' dir='ltr'>vestro</span> <span class='ocrx_word' id='word_1_197' title='bbox 1489 1438 1580 1480; x_wconf 90' lang='lat' dir='ltr'>zelo</span> <span class='ocrx_word' id='word_1_198' title='bbox 1612 1438 1796 1493; x_wconf 85' lang='lat' dir='ltr'>pergite.</span> <span class='ocrx_word' id='word_1_199' title='bbox 1849 1437 1943 1480; x_wconf 89' lang='lat' dir='ltr'>Nos</span> 
     </span>
     <span class='ocr_line' id='line_1_21' title="bbox 173 1502 1943 1558; baseline 0.001 -14"><span class='ocrx_word' id='word_1_200' title='bbox 173 1502 243 1544; x_wconf 91' lang='lat' dir='ltr'>hic</span> <span class='ocrx_word' id='word_1_201' title='bbox 275 1503 415 1544; x_wconf 89' lang='lat' dir='ltr'>Deum</span> <span class='ocrx_word' id='word_1_202' title='bbox 456 1502 666 1557; x_wconf 88' lang='lat' dir='ltr'>optimum</span> <span class='ocrx_word' id='word_1_203' title='bbox 706 1502 945 1545; x_wconf 79' lang='lat' dir='ltr'>maximum</span> <span class='ocrx_word' id='word_1_204' title='bbox 986 1502 1135 1545; x_wconf 89' lang='lat' dir='ltr'>sedulo</span> <span class='ocrx_word' id='word_1_205' title='bbox 1177 1503 1396 1546; x_wconf 88' lang='lat' dir='ltr'>orabimus</span> <span class='ocrx_word' id='word_1_206' title='bbox 1432 1506 1483 1547; x_wconf 89' lang='lat' dir='ltr'>vt</span> <span class='ocrx_word' id='word_1_207' title='bbox 1513 1506 1686 1546; x_wconf 88' lang='lat' dir='ltr'>vestras</span> <span class='ocrx_word' id='word_1_208' title='bbox 1725 1502 1943 1558; x_wconf 87' lang='lat' dir='ltr'>pijssimas</span> 
     </span>
     <span class='ocr_line' id='line_1_22' title="bbox 175 1566 1944 1623; baseline 0.001 -14"><span class='ocrx_word' id='word_1_209' title='bbox 175 1567 486 1621; x_wconf 43' lang='lat' dir='ltr'>cogitatione&amp;</span> <span class='ocrx_word' id='word_1_210' title='bbox 530 1570 711 1611; x_wconf 89' lang='lat' dir='ltr'>conatus</span> <span class='ocrx_word' id='word_1_211' title='bbox 744 1582 794 1610; x_wconf 91' lang='grc'>66</span> <span class='ocrx_word' id='word_1_212' title='bbox 827 1567 974 1611; x_wconf 88' lang='lat' dir='ltr'>studia</span> <span class='ocrx_word' id='word_1_213' title='bbox 1014 1566 1070 1610; x_wconf 88' lang='lat' dir='ltr'>ad</span> <span class='ocrx_word' id='word_1_214' title='bbox 1101 1567 1168 1610; x_wconf 88' lang='lat' dir='ltr'>sui</span> <span class='ocrx_word' id='word_1_215' title='bbox 1208 1568 1394 1611; x_wconf 91' lang='lat' dir='ltr'>nominis</span> <span class='ocrx_word' id='word_1_216' title='bbox 1433 1568 1639 1623; x_wconf 86' lang='lat' dir='ltr'>gloriam,</span> <span class='ocrx_word' id='word_1_217' title='bbox 1683 1568 1867 1622; x_wconf 87' lang='lat' dir='ltr'>fideique</span> <span class='ocrx_word' id='word_1_218' title='bbox 1899 1570 1944 1611; x_wconf 93' lang='lat' dir='ltr'>et</span> 
     </span>
     <span class='ocr_line' id='line_1_23' title="bbox 173 1632 1943 1689; baseline 0.001 -14"><span class='ocrx_word' id='word_1_219' title='bbox 173 1633 396 1687; x_wconf 83' lang='lat' dir='ltr'>religionis</span> <span class='ocrx_word' id='word_1_220' title='bbox 428 1633 648 1676; x_wconf 86' lang='lat' dir='ltr'>Catholice</span> <span class='ocrx_word' id='word_1_221' title='bbox 689 1633 985 1676; x_wconf 82' lang='lat' dir='ltr'>defensionem</span> <span class='ocrx_word' id='word_1_222' title='bbox 1027 1637 1071 1677; x_wconf 92' lang='lat' dir='ltr'>et</span> <span class='ocrx_word' id='word_1_223' title='bbox 1101 1633 1345 1689; x_wconf 83' lang='lat' dir='ltr'>profectum</span> <span class='ocrx_word' id='word_1_224' title='bbox 1376 1634 1440 1678; x_wconf 89' lang='lat' dir='ltr'>ita</span> <span class='ocrx_word' id='word_1_225' title='bbox 1471 1632 1772 1689; x_wconf 85' lang='lat' dir='ltr'>p[romo]ueat</span> <span class='ocrx_word' id='word_1_226' title='bbox 1812 1637 1943 1687; x_wconf 89' lang='lat' dir='ltr'>atque</span> 
     </span>
     <span class='ocr_line' id='line_1_24' title="bbox 174 1698 1943 1754; baseline 0.001 -14"><span class='ocrx_word' id='word_1_227' title='bbox 174 1698 400 1753; x_wconf 74' lang='lat' dir='ltr'>prouehat,</span> <span class='ocrx_word' id='word_1_228' title='bbox 434 1702 483 1742; x_wconf 86' lang='lat' dir='ltr'>vt</span> <span class='ocrx_word' id='word_1_229' title='bbox 504 1701 654 1742; x_wconf 84' lang='lat' dir='ltr'>vestra</span> <span class='ocrx_word' id='word_1_230' title='bbox 677 1713 809 1754; x_wconf 88' lang='lat' dir='ltr'>opera</span> <span class='ocrx_word' id='word_1_231' title='bbox 842 1699 878 1742; x_wconf 90' lang='lat' dir='ltr'>si</span> <span class='ocrx_word' id='word_1_232' title='bbox 906 1713 992 1742; x_wconf 91' lang='lat' dir='ltr'>non</span> <span class='ocrx_word' id='word_1_233' title='bbox 1015 1699 1290 1753; x_wconf 88' lang='lat' dir='ltr'>corrigantur</span> <span class='ocrx_word' id='word_1_234' title='bbox 1312 1698 1445 1753; x_wconf 88' lang='lat' dir='ltr'>(quod</span> <span class='ocrx_word' id='word_1_235' title='bbox 1466 1699 1730 1754; x_wconf 88' lang='lat' dir='ltr'>impossibile</span> <span class='ocrx_word' id='word_1_236' title='bbox 1752 1698 1943 1752; x_wconf 88' lang='lat' dir='ltr'>videtur)</span> 
     </span>
     <span class='ocr_line' id='line_1_25' title="bbox 175 1763 1944 1820; baseline 0 -14"><span class='ocrx_word' id='word_1_237' title='bbox 175 1764 332 1807; x_wconf 88' lang='lat' dir='ltr'>saltem</span> <span class='ocrx_word' id='word_1_238' title='bbox 365 1764 685 1807; x_wconf 83' lang='lat' dir='ltr'>confundantur</span> <span class='ocrx_word' id='word_1_239' title='bbox 716 1765 978 1820; x_wconf 84' lang='lat' dir='ltr'>aduersarij,</span> <span class='ocrx_word' id='word_1_240' title='bbox 1021 1764 1424 1819; x_wconf 86' lang='lat' dir='ltr'>intercludaturque</span> <span class='ocrx_word' id='word_1_241' title='bbox 1457 1764 1542 1807; x_wconf 82' lang='lat' dir='ltr'>eisg</span> <span class='ocrx_word' id='word_1_242' title='bbox 1575 1765 1700 1820; x_wconf 91' lang='lat' dir='ltr'>copia</span> <span class='ocrx_word' id='word_1_243' title='bbox 1736 1764 1869 1807; x_wconf 88' lang='lat' dir='ltr'>latius</span> <span class='ocrx_word' id='word_1_244' title='bbox 1899 1763 1944 1806; x_wconf 90' lang='lat' dir='ltr'>in</span> 
     </span>
     <span class='ocr_line' id='line_1_26' title="bbox 175 1828 1944 1886; baseline 0 -15"><span class='ocrx_word' id='word_1_245' title='bbox 175 1843 354 1882; x_wconf 87' lang='lat' dir='ltr'>gregem</span> <span class='ocrx_word' id='word_1_246' title='bbox 399 1829 658 1872; x_wconf 88' lang='lat' dir='ltr'>dominicum</span> <span class='ocrx_word' id='word_1_247' title='bbox 703 1830 933 1884; x_wconf 88' lang='lat' dir='ltr'>grassandi</span> <span class='ocrx_word' id='word_1_248' title='bbox 977 1833 1022 1873; x_wconf 87' lang='lat' dir='ltr'>et</span> <span class='ocrx_word' id='word_1_249' title='bbox 1065 1829 1336 1884; x_wconf 87' lang='lat' dir='ltr'>Religionem</span> <span class='ocrx_word' id='word_1_250' title='bbox 1379 1830 1567 1886; x_wconf 86' lang='lat' dir='ltr'>priscam</span> <span class='ocrx_word' id='word_1_251' title='bbox 1611 1844 1666 1872; x_wconf 83' lang='lat' dir='ltr'>ex</span> <span class='ocrx_word' id='word_1_252' title='bbox 1711 1828 1944 1872; x_wconf 83' lang='lat' dir='ltr'>Germania</span> 
     </span>
     <span class='ocr_line' id='line_1_27' title="bbox 175 1893 1944 1949; baseline 0.001 -13"><span class='ocrx_word' id='word_1_253' title='bbox 175 1894 349 1948; x_wconf 88' lang='lat' dir='ltr'>penitus</span> <span class='ocrx_word' id='word_1_254' title='bbox 391 1894 614 1948; x_wconf 79' lang='lat' dir='ltr'>exigendi,</span> <span class='ocrx_word' id='word_1_255' title='bbox 657 1895 701 1937; x_wconf 87' lang='lat' dir='ltr'>id</span> <span class='ocrx_word' id='word_1_256' title='bbox 742 1896 856 1949; x_wconf 88' lang='lat' dir='ltr'>quod</span> <span class='ocrx_word' id='word_1_257' title='bbox 896 1893 1025 1938; x_wconf 84' lang='lat' dir='ltr'>saneb</span> <span class='ocrx_word' id='word_1_258' title='bbox 1059 1895 1205 1938; x_wconf 90' lang='lat' dir='ltr'>neruis</span> <span class='ocrx_word' id='word_1_259' title='bbox 1246 1895 1443 1938; x_wconf 90' lang='lat' dir='ltr'>omnibus</span> <span class='ocrx_word' id='word_1_260' title='bbox 1484 1895 1763 1938; x_wconf 87' lang='lat' dir='ltr'>contendunt.</span> <span class='ocrx_word' id='word_1_261' title='bbox 1826 1896 1944 1937; x_wconf 90' lang='lat' dir='ltr'>Deus</span> 
     </span>
     <span class='ocr_line' id='line_1_28' title="bbox 177 1960 1941 2014; baseline 0 -12"><span class='ocrx_word' id='word_1_262' title='bbox 177 1960 365 2014; x_wconf 91' lang='lat' dir='ltr'>optimus</span> <span class='ocrx_word' id='word_1_263' title='bbox 387 1960 616 2012; x_wconf 78' lang='lat' dir='ltr'>maximus,</span> <span class='ocrx_word' id='word_1_264' title='bbox 651 1960 771 2003; x_wconf 91' lang='lat' dir='ltr'>cuius</span> <span class='ocrx_word' id='word_1_265' title='bbox 805 1975 1003 2003; x_wconf 87' lang='lat' dir='ltr'>caussam</span> <span class='ocrx_word' id='word_1_266' title='bbox 1036 1960 1145 2014; x_wconf 89' lang='lat' dir='ltr'>agis,</span> <span class='ocrx_word' id='word_1_267' title='bbox 1178 1964 1223 2004; x_wconf 89' lang='lat' dir='ltr'>te</span> <span class='ocrx_word' id='word_1_268' title='bbox 1254 1960 1378 2004; x_wconf 90' lang='lat' dir='ltr'>nobis</span> <span class='ocrx_word' id='word_1_269' title='bbox 1401 1961 1472 2003; x_wconf 90' lang='lat' dir='ltr'>diu</span> <span class='ocrx_word' id='word_1_270' title='bbox 1494 1963 1642 2004; x_wconf 90' lang='lat' dir='ltr'>seruet</span> <span class='ocrx_word' id='word_1_271' title='bbox 1671 1960 1941 2003; x_wconf 88' lang='lat' dir='ltr'>incolumem.</span> 
     </span>
     <span class='ocr_line' id='line_1_29' title="bbox 178 2025 880 2081; baseline 0.003 -14"><span class='ocrx_word' id='word_1_272' title='bbox 178 2025 350 2081; x_wconf 90' lang='lat' dir='ltr'>Optime</span> <span class='ocrx_word' id='word_1_273' title='bbox 382 2026 480 2068; x_wconf 77' lang='lat' dir='ltr'>vale</span> <span class='ocrx_word' id='word_1_274' title='bbox 512 2025 581 2067; x_wconf 86' lang='lat' dir='ltr'>vir</span> <span class='ocrx_word' id='word_1_275' title='bbox 611 2026 880 2070; x_wconf 83' lang='lat' dir='ltr'>Reuerende.</span> 
     </span>
    </p>
   </div>
   <div class='ocr_carea' id='block_1_3' title="bbox 296 2108 1449 2164">
    <p class='ocr_par' dir='ltr' id='par_1_3' title="bbox 296 2108 1449 2164">
     <span class='ocr_line' id='line_1_30' title="bbox 296 2108 1449 2164; baseline 0.002 -14"><span class='ocrx_word' id='word_1_276' title='bbox 296 2109 459 2151; x_wconf 89' lang='lat' dir='ltr'>Datum</span> <span class='ocrx_word' id='word_1_277' title='bbox 492 2109 664 2152; x_wconf 87' lang='lat' dir='ltr'>Colonie</span> <span class='ocrx_word' id='word_1_278' title='bbox 697 2109 838 2151; x_wconf 89' lang='lat' dir='ltr'>altera</span> <span class='ocrx_word' id='word_1_279' title='bbox 870 2108 1128 2164; x_wconf 88' lang='lat' dir='ltr'>septembris</span> <span class='ocrx_word' id='word_1_280' title='bbox 1159 2108 1286 2151; x_wconf 89' lang='lat' dir='ltr'>Anno</span> <span class='ocrx_word' id='word_1_281' title='bbox 1324 2110 1449 2152; x_wconf 82' lang='lat'>1557.</span> 
     </span>
    </p>
   </div>
   <div class='ocr_carea' id='block_1_4' title="bbox 1103 2189 1883 2311">
    <p class='ocr_par' dir='ltr' id='par_1_4' title="bbox 1103 2189 1883 2311">
     <span class='ocr_line' id='line_1_31' title="bbox 1103 2189 1883 2245; baseline 0 -12"><span class='ocrx_word' id='word_1_282' title='bbox 1103 2191 1337 2234; x_wconf 89' lang='lat' dir='ltr'>Addictiss.</span> <span class='ocrx_word' id='word_1_283' title='bbox 1369 2190 1449 2232; x_wconf 91' lang='lat' dir='ltr'>tibi</span> <span class='ocrx_word' id='word_1_284' title='bbox 1480 2190 1547 2234; x_wconf 87' lang='lat' dir='ltr'>Jo.</span> <span class='ocrx_word' id='word_1_285' title='bbox 1580 2190 1797 2245; x_wconf 83' lang='lat' dir='ltr'>Groperus</span> <span class='ocrx_word' id='word_1_286' title='bbox 1830 2189 1883 2233; x_wconf 91' lang='lat' dir='ltr'>.d.</span> 
     </span>
     <span class='ocr_line' id='line_1_32' title="bbox 1219 2255 1757 2311; baseline -0.004 -13"><span class='ocrx_word' id='word_1_287' title='bbox 1219 2256 1472 2311; x_wconf 87' lang='lat' dir='ltr'>Prepositus</span> <span class='ocrx_word' id='word_1_288' title='bbox 1503 2255 1757 2298; x_wconf 79' lang='lat' dir='ltr'>Bonnensis.</span> 
     </span>
    </p>
   </div>
   <div class='ocr_carea' id='block_1_5' title="bbox 179 2354 1942 2466">
    <p class='ocr_par' dir='ltr' id='par_1_5' title="bbox 179 2354 1942 2466">
     <span class='ocr_line' id='line_1_33' title="bbox 297 2354 1942 2410; baseline -0.001 -11"><span class='ocrx_word' id='word_1_289' title='bbox 297 2357 553 2400; x_wconf 88' lang='lat' dir='ltr'>Reuerendo</span> <span class='ocrx_word' id='word_1_290' title='bbox 575 2357 759 2400; x_wconf 89' lang='lat' dir='ltr'>Domino</span> <span class='ocrx_word' id='word_1_291' title='bbox 782 2358 914 2401; x_wconf 91' lang='lat' dir='ltr'>Petro</span> <span class='ocrx_word' id='word_1_292' title='bbox 937 2357 1106 2400; x_wconf 85' lang='lat' dir='ltr'>Canisio</span> <span class='ocrx_word' id='word_1_293' title='bbox 1130 2357 1289 2400; x_wconf 83' lang='lat' dir='ltr'>Sacrae</span> <span class='ocrx_word' id='word_1_294' title='bbox 1312 2355 1574 2410; x_wconf 86' lang='lat' dir='ltr'>Theologiae</span> <span class='ocrx_word' id='word_1_295' title='bbox 1595 2354 1839 2398; x_wconf 87' lang='lat' dir='ltr'>Professori</span> <span class='ocrx_word' id='word_1_296' title='bbox 1861 2357 1942 2398; x_wconf 87' lang='lat' dir='ltr'>etc.</span> 
     </span>
     <span class='ocr_line' id='line_1_34' title="bbox 179 2421 835 2466; baseline 0.002 -2"><span class='ocrx_word' id='word_1_297' title='bbox 179 2421 362 2464; x_wconf 90' lang='lat' dir='ltr'>Domino</span> <span class='ocrx_word' id='word_1_298' title='bbox 397 2425 441 2465; x_wconf 91' lang='lat' dir='ltr'>et</span> <span class='ocrx_word' id='word_1_299' title='bbox 472 2423 610 2465; x_wconf 81' lang='lat' dir='ltr'>amico</span> <span class='ocrx_word' id='word_1_300' title='bbox 643 2423 835 2466; x_wconf 91' lang='lat' dir='ltr'>colendo.</span> 
     </span>
    </p>
   </div>
   <div class='ocr_carea' id='block_1_6' title="bbox 396 2523 594 2526">
    <p class='ocr_par' dir='ltr' id='par_1_6' title="bbox 396 2523 594 2526">
     <span class='ocr_line' id='line_1_35' title="bbox 396 2523 594 2526; baseline 0 0"><span class='ocrx_word' id='word_1_301' title='bbox 396 2523 594 2526; x_wconf 95' lang='lat' dir='ltr'> </span> 
     </span>
    </p>
   </div>
   <div class='ocr_carea' id='block_1_7' title="bbox 298 2581 1669 2837">
    <p class='ocr_par' dir='ltr' id='par_1_7' title="bbox 299 2581 833 2623">
     <span class='ocr_line' id='line_1_36' title="bbox 299 2581 833 2623; baseline 0 -10"><span class='ocrx_word' id='word_1_302' title='bbox 299 2584 313 2599; x_wconf 56' lang='grc' dir='ltr'><strong>ὃ</strong></span> <span class='ocrx_word' id='word_1_303' title='bbox 342 2581 465 2623; x_wconf 75' lang='lat' dir='ltr'>Supra</span> <span class='ocrx_word' id='word_1_304' title='bbox 490 2591 627 2613; x_wconf 68' lang='lat' dir='ltr'>versum</span> <span class='ocrx_word' id='word_1_305' title='bbox 651 2581 833 2623; x_wconf 62' lang='lat' dir='ltr'>..s-creptum.</span> 
     </span>
    </p>

    <p class='ocr_par' dir='ltr' id='par_1_8' title="bbox 299 2632 1416 2677">
     <span class='ocr_line' id='line_1_37' title="bbox 299 2632 1416 2677; baseline -0.003 -10"><span class='ocrx_word' id='word_1_306' title='bbox 299 2632 314 2653; x_wconf 58' lang='grc' dir='ltr'>ι’</span> <span class='ocrx_word' id='word_1_307' title='bbox 342 2634 419 2667; x_wconf 82' lang='lat' dir='ltr'>Hoc</span> <span class='ocrx_word' id='word_1_308' title='bbox 443 2634 648 2667; x_wconf 63' lang='lat' dir='ltr'>vocabulum</span> <span class='ocrx_word' id='word_1_309' title='bbox 674 2637 704 2667; x_wconf 74' lang='lat' dir='ltr'>et</span> <span class='ocrx_word' id='word_1_310' title='bbox 729 2634 933 2667; x_wconf 75' lang='lat' dir='ltr'>antecedens</span> <span class='ocrx_word' id='word_1_311' title='bbox 958 2634 1140 2667; x_wconf 76' lang='lat' dir='ltr'>obscurius</span> <span class='ocrx_word' id='word_1_312' title='bbox 1164 2634 1299 2677; x_wconf 71' lang='lat' dir='ltr'>scripta</span> <span class='ocrx_word' id='word_1_313' title='bbox 1322 2636 1416 2665; x_wconf 71' lang='lat' dir='ltr'>szmt.</span> 
     </span>
    </p>

    <p class='ocr_par' dir='ltr' id='par_1_9' title="bbox 299 2686 1503 2730">
     <span class='ocr_line' id='line_1_38' title="bbox 299 2686 1503 2730; baseline -0.003 -10"><span class='ocrx_word' id='word_1_314' title='bbox 299 2691 311 2706; x_wconf 79' lang='lat'><strong>⁰</strong></span> <span class='ocrx_word' id='word_1_315' title='bbox 340 2687 555 2720; x_wconf 72' lang='lat' dir='ltr'>Vocabulum</span> <span class='ocrx_word' id='word_1_316' title='bbox 579 2687 644 2719; x_wconf 72' lang='lat'>7200</span> <span class='ocrx_word' id='word_1_317' title='bbox 669 2691 699 2720; x_wconf 78' lang='lat' dir='ltr'>et</span> <span class='ocrx_word' id='word_1_318' title='bbox 724 2687 927 2719; x_wconf 62' lang='lat' dir='ltr'>antecedens</span> <span class='ocrx_word' id='word_1_319' title='bbox 951 2698 1065 2730; x_wconf 74' lang='lat' dir='ltr'>supra</span> <span class='ocrx_word' id='word_1_320' title='bbox 1089 2698 1227 2720; x_wconf 75' lang='lat' dir='ltr'>versum</span> <span class='ocrx_word' id='word_1_321' title='bbox 1251 2686 1385 2729; x_wconf 69' lang='lat' dir='ltr'>scripta</span> <span class='ocrx_word' id='word_1_322' title='bbox 1410 2688 1503 2717; x_wconf 76' lang='lat' dir='ltr'>suut.</span> 
     </span>
    </p>

    <p class='ocr_par' dir='ltr' id='par_1_10' title="bbox 298 2736 1669 2837">
     <span class='ocr_line' id='line_1_39' title="bbox 299 2736 1669 2783; baseline -0.002 -10"><span class='ocrx_word' id='word_1_323' title='bbox 299 2738 313 2759; x_wconf 79' lang='lat'>‘³</span> <span class='ocrx_word' id='word_1_324' title='bbox 342 2751 399 2774; x_wconf 90' lang='lat' dir='ltr'>me</span> <span class='ocrx_word' id='word_1_325' title='bbox 424 2750 541 2773; x_wconf 84' lang='lat' dir='ltr'>meam</span> <span class='ocrx_word' id='word_1_326' title='bbox 567 2744 706 2783; x_wconf 60' lang='lat' dir='ltr'>autema</span> <span class='ocrx_word' id='word_1_327' title='bbox 851 2743 863 2759; x_wconf 83' lang='lat' dir='ltr'>e</span> <span class='ocrx_word' id='word_1_328' title='bbox 894 2741 1018 2783; x_wconf 66' lang='lat' dir='ltr'>Supra</span> <span class='ocrx_word' id='word_1_329' title='bbox 1042 2751 1191 2774; x_wconf 76' lang='lat' dir='ltr'>versum.</span> <span class='ocrx_word' id='word_1_330' title='bbox 1335 2736 1346 2757; x_wconf 73' lang='lat' dir='ltr'>f</span> <span class='ocrx_word' id='word_1_331' title='bbox 1374 2739 1494 2781; x_wconf 73' lang='lat' dir='ltr'>Supra</span> <span class='ocrx_word' id='word_1_332' title='bbox 1522 2748 1669 2771; x_wconf 64' lang='lat' dir='ltr'>versum.</span> 
     </span>
     <span class='ocr_line' id='line_1_40' title="bbox 298 2791 1492 2837; baseline -0.002 -10"><span class='ocrx_word' id='word_1_333' title='bbox 298 2798 312 2818; x_wconf 62' lang='grc' dir='ltr'><strong>ἕ</strong></span> <span class='ocrx_word' id='word_1_334' title='bbox 342 2794 375 2827; x_wconf 82' lang='grc' dir='ltr'><strong><em>Α</em></strong></span> <span class='ocrx_word' id='word_1_335' title='bbox 404 2794 589 2837; x_wconf 73' lang='lat' dir='ltr'>Groppero</span> <span class='ocrx_word' id='word_1_336' title='bbox 615 2798 810 2827; x_wconf 73' lang='lat' dir='ltr'>correctum</span> <span class='ocrx_word' id='word_1_337' title='bbox 835 2805 900 2827; x_wconf 77' lang='lat' dir='ltr'>ex:</span> <span class='ocrx_word' id='word_1_338' title='bbox 926 2793 1012 2828; x_wconf 86' lang='lat' dir='ltr'>eius.</span> <span class='ocrx_word' id='word_1_339' title='bbox 1158 2791 1173 2812; x_wconf 83' lang='lat'>¹¹</span> <span class='ocrx_word' id='word_1_340' title='bbox 1197 2793 1320 2836; x_wconf 74' lang='lat' dir='ltr'>Supra</span> <span class='ocrx_word' id='word_1_341' title='bbox 1345 2802 1492 2825; x_wconf 65' lang='lat' dir='ltr'>versum.</span> 
     </span>
    </p>
   </div>
   <div class='ocr_carea' id='block_1_8' title="bbox 228 2883 736 2886">
    <p class='ocr_par' dir='ltr' id='par_1_11' title="bbox 228 2883 736 2886">
     <span class='ocr_line' id='line_1_41' title="bbox 228 2883 736 2886; baseline 0 0"><span class='ocrx_word' id='word_1_342' title='bbox 228 2883 736 2886; x_wconf 95' lang='lat' dir='ltr'> </span> 
     </span>
    </p>
   </div>
   <div class='ocr_carea' id='block_1_9' title="bbox 300 2936 1432 3034">
    <p class='ocr_par' dir='ltr' id='par_1_12' title="bbox 300 2936 1432 3034">
     <span class='ocr_line' id='line_1_42' title="bbox 301 2936 1432 2983; baseline -0.003 -10"><span class='ocrx_word' id='word_1_343' title='bbox 301 2939 312 2959; x_wconf 90' lang='lat'>¹</span> <span class='ocrx_word' id='word_1_344' title='bbox 337 2937 482 2973; x_wconf 89' lang='lat' dir='ltr'>Doctori</span> <span class='ocrx_word' id='word_1_345' title='bbox 509 2938 634 2973; x_wconf 89' lang='lat' dir='ltr'>Ioanni</span> <span class='ocrx_word' id='word_1_346' title='bbox 659 2938 828 2973; x_wconf 80' lang='lat' dir='ltr'>Udalrico</span> <span class='ocrx_word' id='word_1_347' title='bbox 855 2937 974 2980; x_wconf 85' lang='lat' dir='ltr'>Zasio;</span> <span class='ocrx_word' id='word_1_348' title='bbox 1001 2937 1044 2972; x_wconf 90' lang='lat' dir='ltr'>de</span> <span class='ocrx_word' id='word_1_349' title='bbox 1070 2949 1140 2983; x_wconf 88' lang='lat' dir='ltr'>quo</span> <span class='ocrx_word' id='word_1_350' title='bbox 1166 2947 1275 2982; x_wconf 86' lang='lat' dir='ltr'>supra</span> <span class='ocrx_word' id='word_1_351' title='bbox 1301 2948 1333 2982; x_wconf 89' lang='lat' dir='ltr'>p.</span> <span class='ocrx_word' id='word_1_352' title='bbox 1363 2936 1432 2970; x_wconf 79' lang='lat'><strong>19⁸.</strong></span> 
     </span>
     <span class='ocr_line' id='line_1_43' title="bbox 300 2991 624 3034; baseline 0.003 -8"><span class='ocrx_word' id='word_1_353' title='bbox 300 2991 314 3012; x_wconf 80' lang='lat'><strong>²</strong></span> <span class='ocrx_word' id='word_1_354' title='bbox 341 2992 358 3026; x_wconf 97' lang='grc'>1</span> <span class='ocrx_word' id='word_1_355' title='bbox 385 2991 483 3027; x_wconf 76' lang='grc' dir='ltr'>Ρ61;1·.</span> <span class='ocrx_word' id='word_1_356' title='bbox 510 2992 542 3034; x_wconf 83' lang='lat'>3,</span> <span class='ocrx_word' id='word_1_357' title='bbox 571 2993 624 3027; x_wconf 88' lang='grc'>14.</span> 
     </span>
    </p>
   </div>
  </div>
 </body>
</html>
