2142 3455
195 278 286 314 1557

198 384 288 419 1557

198 491 288 526 1557

193 629 304 670 1557

205 781 304 819 1557

205 975 294 1010 1557

198 1166 310 1207 1557

210 1312 300 1347 1557

211 1418 300 1453 1557

210 1525 300 1560 1557

210 1579 301 1614 1557

212 1686 302 1720 1557

213 1739 302 1774 1557

215 1846 304 1880 1557

216 1952 305 1987 1557

215 2060 305 2094 1557

215 2113 304 2148 1557

215 2220 305 2255 1557

215 2345 317 2383 1557

216 2539 306 2575 1557

217 2647 307 2682 1557

216 2753 306 2788 1557

218 2878 318 2916 1557

211 3026 324 3068 1557

563 160 652 194 1556
677 158 771 194 Nov.

400 276 507 311 Mart.
529 275 612 318 (18,
636 277 677 310 ut
694 275 746 309 vi-

513 329 633 373 detur)

502 382 589 428 Apr.
616 383 649 416 2.

419 490 503 535 Apr.
533 489 593 534 (5.‚
619 491 659 523 ut
685 488 737 523 vi-

518 542 638 586 detur)

450 626 581 681 paulo
612 628 713 680 post

478 693 544 734 18.
579 691 684 745 Apr.

533 778 629 828 Apr.

410 981 454 1015 ab
482 980 568 1025 Apr.
600 980 644 1015 ad
677 979 754 1013 Iun.
778 1023 780 1035 .

392 1154 394 1170 ι
410 1171 532 1214 Iunio
570 1173 758 1213 exeunte
780 1174 781 1212 ἲ

501 1318 578 1352 Iun.
605 1317 662 1352 29.

427 1425 504 1459 Iun.
532 1424 588 1459 30.
618 1423 674 1468 (ut
699 1423 750 1457 vi·
782 1442 784 1459 ¹,

527 1476 646 1520 detur)

522 1531 588 1565 Iul.
616 1530 648 1564 2.

520 1585 661 1618 aestate

478 1691 545 1725 sub
571 1690 636 1725 Iul.
665 1691 697 1725 6.

543 1743 632 1778 Iulio

400 1850 485 1903 ἶ1111.
512 1850 544 1885 8.
579 1849 636 1894 (ut
668 1850 764 1884 vide·
786 1832 787 1837 ¹

401 1920 402 1960 Ξ
552 1903 628 1947 tur)

452 1957 517 1992 Iul.
545 1957 578 1992 8.
603 1977 650 1981 —
678 1957 731 1991 12.

515 2064 580 2098 Iul.
610 2065 664 2099 13.

400 2113 483 2152 “Iul.
513 2118 586 2162 (14.
614 2117 672 2151 vel
699 2117 765 2158 15„

401 2206 402 2211 ,
475 2173 516 2205 ut
541 2170 701 2213 videtur)

400 2236 440 2264 ;a
469 2225 522 2259 16.
550 2224 595 2258 ad
620 2225 676 2259 27.
700 2224 764 2258 Iul.

539 2348 651 2387 Iulio·

402 2526 403 2530 ’
468 2544 535 2578 sub
561 2543 627 2578 Iul.
654 2543 711 2578 ⁴25.

516 2650 582 2685 Iul.
609 2649 665 2685 27.

526 2753 665 2786 aestate

442 2878 594 2914 aestate
623 2878 663 2913 et
692 2887 756 2912 au-

526 2937 661 2972 tumno

425 3023 537 3076 Aug.
571 3022 681 3076 (16.,
721 3025 769 3065 ut

503 3087 696 3142 videtur)

797 179 844 184 -—
873 160 961 195 1557
990 160 1083 203 Aug.
1113 160 1166 194 16.
1196 159 1253 204 (ut
1279 158 1453 202 videtur).
1783 171 1899 199 XXXI

771 322 772 327 1
797 275 884 310 Cum
900 276 940 311 P.
954 275 987 310 N
989 277 1101 311 icolao
1116 276 1289 311 Goudano
1304 275 1338 310 S.
1354 276 1387 310 J.
1406 275 1474 309 itcr
1487 286 1673 309 romanum
1688 273 1899 317 ingreditur.

799 381 991 418 Patavium
1029 383 1246 423 adveniunt;
1287 381 1454 416 canisius
1491 381 1658 426 sequenti
1696 382 1822 422 nocte,
1860 382 1899 413 ut

858 435 1014 475 videtur,
1042 434 1216 471 venetias
1243 436 1406 479 navigat.

800 489 964 523 Venetiis
990 486 1216 524 Florentiam
1242 488 1528 534 proficiscuntur.

802 619 980 661 Romam
1013 618 1251 661 adveniunt
1273 619 1328 660 ad
1351 617 1734 672 congregationem
1759 616 1903 659 Socie-

862 684 968 726 tatis
1001 697 1027 725 a
1059 683 1221 725 vicario
1254 684 1448 737 generali
1481 683 1702 725 indictam.

778 792 780 827 ¹:
805 769 1034 823 „Scmmzccd‘
1064 774 1282 809 canisianae
1320 773 1584 821 emnpemll‘ecm
1623 771 1813 821 quoddmn
1851 770 1906 807 Za-

862 834 982 869 tinum
1014 830 1180 877 (Cani-sii
1208 832 1454 868 camelas-mus·
1493 832 1699 879 'mim'muffl
1739 834 1778 865 ut
1810 830 1906 866 vide-

862 891 945 937 tur)
975 890 1148 928 Coloniae
1178 892 1280 939 typis
1309 891 1547 927 exscribitnr.

804 965 970 1000 Canisius
996 965 1193 1008 germanici
1229 967 1265 999 et
1300 964 1437 999 romani
1472 963 1707 1007 collegiorum
1743 962 1906 997 alumnos

863 1019 1016 1064 publicis
1041 1017 1267 1064 privatisque
1293 1017 1519 1052 sermonibus
1552 1017 1597 1051 ad
1631 1028 1734 1062 opem
1761 1016 1908 1051 Germa-

862 1073 943 1106 niae
969 1072 1153 1106 ferendam
1179 1071 1349 1106 incendit.

805 1155 1151 1210 Congregatione
1184 1155 1236 1197 ob
1270 1155 1429 1196 bellum
1469 1153 1680 1208 impedita
1712 1152 1909 1195 Canisius

866 1225 911 1264 et
944 1221 1178 1264 Goudanus
1210 1220 1350 1262 Roma
1382 1219 1622 1262 discedunt.

808 1303 975 1338 Canisius
1002 1300 1192 1337 Perusiam
1228 1301 1377 1335 advenit
1411 1300 1531 1344 ibique
1566 1299 1758 1343 collegium
1795 1298 1910 1333 Socie-

868 1357 956 1391 tatis
982 1355 1118 1390 invisit.

808 1410 1028 1445 Florentiam
1053 1407 1304 1454 proficiscitur.

784 1525 785 1542 ³
810 1514 1037 1552 Florentiam
1063 1514 1221 1550 advenit.
1272 1514 1342 1549 Per
1368 1513 1504 1558 aliquot
1531 1512 1607 1547 dies
1632 1512 1726 1546 lecto
1752 1513 1908 1547 tenetur.

810 1571 849 1605 ln
875 1570 991 1604 turbis
1018 1569 1225 1604 domesticis
1259 1579 1280 1602 a
1306 1567 1378 1602 ΡΡ.
1404 1566 1592 1601 Bobadilla
1629 1568 1665 1600 et
1698 1565 1911 1609 Gogordano

870 1623 1040 1658 excitatis
1073 1625 1198 1668 partes
1231 1621 1387 1656 sustinet
1412 1620 1528 1654 Lainii
1563 1619 1691 1654 vicarii
1718 1619 1910 1663 generalis.

810 1675 1008 1713 Bononiam
1034 1676 1191 1710 advenit.

811 1732 840 1766 E
867 1730 1019 1774 collegio
1045 1728 1253 1764 bononiensi
1272 1728 1411 1772 aliquos
1429 1739 1493 1772 pro
1517 1725 1680 1770 collegiis
1699 1725 1913 1760 Germaniae

872 1784 941 1818 sibi
965 1783 1104 1827 deligit.

813 1837 974 1872 Bononia
1000 1835 1163 1871 discedit.

812 1944 883 1979 Per
901 1942 1125 1988 Ferrariam,
1148 1942 1209 1976 ubi
1226 1952 1337 1975 unum
1355 1941 1449 1975 diem
1467 1939 1644 1981 subsistit,
1664 1941 1700 1973 et
1718 1937 1913 1974 Patavium

872 1997 1052 2032 transiens
1077 1995 1252 2030 Venetias
1278 2006 1358 2029 cum
1384 1994 1423 2028 P.
1452 1993 1625 2028 Goudano
1651 1992 1764 2027 venit.

813 2049 978 2087 Venetiis
1004 2050 1041 2084 in
1067 2049 1218 2093 collegio
1245 2047 1438 2083 Societatis
1463 2048 1634 2081 moratur.

815 2105 904 2140 Cum
931 2104 1103 2139 Goudano
1129 2102 1282 2146 aliisque
1306 2101 1423 2136 tribus
1450 2100 1564 2135 Sociis
1590 2097 1785 2135 PataVIum
1810 2099 1914 2134 redit.

814 2212 885 2247 Per
899 2209 1123 2255 Tridentum,
1139 2207 1388 2255 Oenipontem,
1407 2205 1633 2242 Monachium
1651 2206 1914 2250 Ingolstadium

874 2264 1123 2311 proficiscitur.

790 2327 963 2376 'Ccmztsii
1002 2337 1220 2386 „Lectiones
1263 2339 1296 2372 et
1337 2333 1576 2371 Precationes
1624 2329 1914 2370 ecclesiasticae“

878 2397 1104 2447 Inqolstadii
1144 2397 1282 2432 iterum
1325 2393 1562 2442 evomatur,
1611 2396 1744 2429 auctae
1786 2396 1819 2429 et
1860 2404 1918 2429 re-

876 2458 1054 2507 comatae.

817 2533 984 2569 Canisius
1020 2528 1203 2565 Monachii
1240 2539 1320 2563 cum
1359 2526 1499 2561 Alberti
1537 2525 1581 2561 V.
1621 2525 1836 2560 consiliariis
1874 2525 1917 2560 de

877 2585 1028 2630 collegio
1054 2585 1103 2619 ibi
1129 2581 1350 2618 instituendo
1376 2581 1465 2625 agit.

817 2637 1087 2687 Ingolstadium
1123 2648 1204 2672 cum
1241 2635 1380 2669 duobus
1416 2633 1608 2668 Societatis
1646 2631 1821 2667 fratribus
1859 2631 1918 2666 ad-

877 2693 990 2728 venit.

819 2747 962 2782 Canisio
977 2744 1144 2789 colloquii
1160 2740 1414 2778 vormatiensis
1428 2739 1584 2783 negotiis
1599 2740 1773 2784 occupato
1787 2738 1918 2772 P.Vic-

877 2800 970 2835 toria
1000 2795 1352 2842 „viceprovincialis“
1384 2792 1604 2836 adiungitur.

818 2872 967 2911 Canisii
988 2865 1197 2920 „Swmnffl
1220 2868 1361 2905 Romae
1380 2878 1404 2903 α
1424 2865 1466 2903 Ρ.
1485 2863 1734 2901 [emmanuele
1753 2863 1806 2901 Sa
1826 2863 1864 2902 S.
1879 2863 1917 2902 J.

879 2931 1164 2980 recoynoscitur.

818 3018 1014 3063 Canisius
1046 3031 1069 3060 e
1099 3012 1362 3058 Ferdinandi
1393 3011 1426 3055 Ι.
1462 3010 1579 3065 regis
1611 3013 1656 3053 et
1686 3010 1811 3053 Pauli
1843 3011 1917 3053 IV.

877 3097 1018 3140 papae
1048 3081 1255 3124 mandato
1280 3076 1550 3132 Ingolstadio
1582 3075 1637 3118 ad
1674 3075 1920 3129 „religionis

880 3147 1164 3202 colloquium“
1202 3142 1496 3187 vormatiense
1527 3140 1827 3196 proficiscitur.

216 3232 530 3264 Braunsberger,
550 3229 662 3256 canisii
681 3228 841 3260 Epistulae
858 3228 890 3253 et
908 3226 994 3252 Acta.
1015 3224 1055 3249 11.
1622 3224 1640 3244 c
