2142 3455
349 167 429 202 465.
466 167 615 202 Ioannes
642 168 685 202 de
711 168 866 204 Polanco
894 169 1047 205 Canisio.
1085 171 1198 206 Roma
1227 172 1280 206 14.
1307 172 1527 218 Septembris
1556 172 1656 208 1560.
1808 175 1893 217 723

244 286 531 340 Impetratum
564 287 632 327 est
664 286 787 328 vobis
818 287 899 330 hoc
932 288 1218 342 priuilegium,
1252 292 1302 332 vt
1327 290 1383 333 M.
1408 290 1667 333 Franciscus
1689 291 1895 333 Costerus

125 350 218 393 sine
258 350 459 404 scrupulo
501 350 620 392 libris
662 350 952 394 hereticorum
994 356 1166 405 Vtatur,
1210 369 1289 397 nec
1333 354 1415 398 erit
1455 355 1629 398 difficile
1671 355 1706 398 si
1748 355 1895 399 velitis

127 414 308 458 eandem
340 414 529 468 gratiam
561 414 756 469 pluribus
790 416 1039 471 impetrare.

243 479 462 522 Admonet
492 481 640 521 tamen
672 483 800 534 pater
830 484 880 524 vt
910 481 992 524 hac
1025 482 1344 537 dispensatione
1375 484 1418 526 in
1451 485 1571 527 libris
1602 486 1891 528 hereticorum

124 543 319 598 legendis
351 543 490 587 nostri
521 544 687 586 sobrie³
718 548 901 589 vtantur
931 572 990 576 —
1023 573 1090 590 —.

202 604 207 608 ⁸
247 610 360 651 1560
392 610 593 663 Auguste
628 611 680 652 10
716 610 994 665 Septembris.

243 690 373 725 Kessel
400 691 542 726 Canisio
568 691 754 736 rescripsit
782 692 812 726 1.
840 691 1006 727 Octobris
1035 693 1136 728 1560.

945 822 1077 864 465.

543 906 606 948 Ρ.
639 906 959 950 IOANNES
993 907 1091 949 DE
1124 907 1484 962 PGLANCO,

735 988 927 1024 Societatis
954 989 1036 1024 Iesu
1061 989 1288 1031 secretarius,

471 1071 644 1114 nomine
677 1071 822 1114 Iacobi
854 1072 1008 1124 Lainii,
1041 1072 1279 1127 praepositi
1311 1073 1541 1127 generalis,

876 1165 1005 1214 CAN
1009 1165 1151 1214 ISIO.

722 1267 834 1303 Roma
859 1265 909 1303 14.
937 1267 1163 1315 Septembris
1188 1267 1286 1305 1560.

246 1351 302 1386 Ex
328 1351 535 1396 apographo
570 1351 729 1386 eiusdem
763 1352 955 1397 temporis;
990 1351 1026 1386 in
1061 1352 1243 1397 margine:
1283 1352 1483 1398 „Augusta‚
1518 1353 1723 1389 Prouincial
1758 1354 1793 1389 di
1818 1353 1904 1388 Ale-

127 1406 295 1448 magna“.
348 1404 432 1439 Cod.
463 1404 604 1447 „Ger-m.
634 1405 743 1439 1559“
774 1416 808 1450 p.
837 1405 1037 1440 227—228.

247 1482 449 1515 Relationes
483 1482 524 1515 de
555 1486 650 1515 statu
682 1483 867 1525 reli-(sionis
892 1483 1055 1526 Azcyecsta
1089 1487 1119 1516 et
1148 1483 1295 1517 Colonia
1327 1485 1463 1518 missae.
1518 1484 1670 1528 Colleyc‘a
1696 1489 1900 1529 treverense,

126 1536 364 1580 tyrnaviense,
382 1545 597 1569 molismense.
643 1536 816 1569 Pecuniae
834 1538 1030 1580 aizyustc'ae.
1071 1537 1168 1570 Socii
1185 1537 1342 1580 qnidam.
1382 1538 1544 1581 „Cursus
1561 1536 1717 1572 (ernnust
1738 1538 1900 1583 vindobo-

125 1590 256 1622 nensis.
300 1589 499 1632 Decretum,
526 1599 593 1632 quo
613 1589 711 1622 Socii
737 1600 759 1621 α
784 1594 907 1622 senatu
925 1589 1122 1622 loz.÷am·e›zsi
1139 1590 1389 1633 mlmittnntnr,
1416 1591 1458 1623 ab
1478 1591 1565 1634 ipsis
1581 1592 1756 1624 reiectum.
1802 1592 1902 1625 Cate-

127 1643 292 1676 chz'smus.
332 1642 446 1675 Elissa
464 1642 503 1675 in
522 1642 683 1686 ecelesiis,
703 1644 737 1675 in
759 1643 885 1686 quibus
903 1643 1071 1676 haeretiei
1086 1644 1215 1686 sepulti
1231 1647 1322 1677 sunt.
1359 1645 1456 1677 Uxor
1472 1645 1686 1687 feneratoris
1704 1645 1900 1678 cuiusdam.

249 1730 481 1773 Riceuemo
513 1731 658 1785 quella
690 1731 732 1773 di
756 1732 821 1774 .V.
845 1732 897 1774 R.
932 1732 1002 1774 del
1033 1732 1184 1775 ultimo
1218 1731 1260 1774 di
1282 1731 1483 1785 Agosto1
1515 1747 1595 1774 con
1627 1732 1656 1774 li
1689 1732 1798 1775 auisi
1831 1733 1900 1775 del

129 1799 249 1840 stato
282 1796 396 1838 della
427 1796 638 1850 religione
653 1797 682 1848 2,
717 1797 852 1850 qualli
883 1797 990 1840 tutti
1021 1811 1199 1852 parsero
1233 1797 1287 1839 da
1319 1797 1483 1852 potersi
1515 1800 1749 1850 mostrare‚
1789 1801 1833 1841 et
1865 1798 1902 1840 si

129 1864 458 1913 mostra-ranno,
500 1876 572 1904 ma
613 1876 698 1904 non
741 1862 830 1904 cosi
872 1862 1003 1916 quelli
1045 1863 1122 1904 0110
1155 1863 1192 1905 01
1225 1862 1421 1905 scriueno
1455 1862 1497 1904 di
1529 1863 1705 1905 Colonia
1744 1864 1902 1918 perche

129 1930 288 1971 tocano
320 1929 445 1970 tanto
478 1941 504 1969 a
537 1927 649 1969 colui
681 1928 759 1970 che
792 1927 970 1970 doueria
993 1928 1071 1970 dar
1104 1928 1316 1982 essempio
1350 1928 1423 1970 alli
1457 1927 1557 1970 altri
1590 1928 1666 1970 che
1688 1943 1774 1970 non
1795 1943 1901 1984 pare

130 1991 416 2035 conueniente
449 1992 526 2035 che
557 2006 636 2047 per
667 1993 739 2035 noi
771 1992 807 2034 si
838 1993 1048 2035 mostrino
1086 1993 1182 2035 talli
1215 1992 1324 2035 auisi
1340 1994 1367 2036 3.
1431 1993 1664 2035 Riceuemo
1697 1993 1829 2036 etiam
1860 1994 1902 2036 le

129 2057 288 2100 lettere
321 2057 390 2100 del
420 2057 563 2100 Padre
594 2058 818 2100 Euerardo
852 2072 931 2099 0011
964 2058 1075 2100 altre
1109 2057 1150 2099 di
1183 2057 1380 2108 Colonia,
1421 2059 1465 2099 et
1496 2060 1643 2112 presto
1677 2057 1713 2099 si
1744 2061 1902 2101 mette-

129 2136 268 2165 ranno
301 2121 345 2164 in
375 2122 524 2164 ordine
557 2122 688 2176 quelli
721 2123 798 2164 che
830 2123 974 2164 hanno
1008 2123 1049 2164 di
1082 2122 1219 2164 andar
1250 2123 1313 2172 la3
1347 2123 1510 2164 benche
1542 2136 1621 2177 per
1650 2137 1736 2165 non
1767 2123 1904 2166 hauer

128 2188 294 2231 hauuto
325 2187 354 2229 il
387 2187 547 2230 uiatico
579 2188 700 2230 forsa
733 2188 768 2230 si
800 2188 1077 2230 fermaranno
1121 2187 1262 2229 alcuni
1302 2187 1443 2241 giorni
1485 2187 1526 2229 di
1567 2187 1661 2242 piu,
1705 2202 1783 2243 per
1814 2203 1901 2231 non

252 2332 294 2366 R.
313 2331 356 2366 V.
383 2331 526 2366 litteras
553 2331 679 2365 ultimo
707 2331 762 2365 die
788 2331 924 2365 mensis
942 2331 1097 2374 Augusti
1125 2332 1251 2366 datas¹
1278 2343 1349 2366 una
1368 2343 1448 2366 cum
1466 2332 1639 2367 relatione
1657 2334 1699 2368 de
1717 2333 1903 2378 religionis

130 2386 231 2420 statu
266 2385 426 2430 scripta²
452 2384 676 2430 accepimus,
709 2396 816 2429 quam
851 2386 963 2418 totam
1000 2384 1079 2419 aliis
1105 2384 1297 2419 monstrari
1323 2397 1428 2430 posse
1455 2386 1689 2421 censebamus
1715 2389 1752 2421 et
1776 2399 1903 2433 reapse

131 2438 432 2479 monstrabimus;
466 2449 583 2482 neque
617 2450 703 2472 vero
735 2437 995 2472 monstrabitur
1030 2437 1156 2472 relatio
1190 2437 1334 2472 Colonia
1370 2439 1415 2473 ad
1450 2451 1515 2473 nos
1547 2439 1674 2481 missa,
1707 2440 1807 2485 quia,
1842 2441 1904 2486 qui

130 2492 264 2527 ceteris
301 2491 432 2526 bonum
468 2490 674 2536 exemplum
708 2491 880 2535 praebere
916 2491 1111 2531 debebant,
1149 2493 1337 2536 tantopere
1373 2503 1413 2526 ea
1450 2493 1707 2535 traducuntur,
1745 2496 1787 2528 ut
1823 2506 1904 2529 con-

133 2545 283 2579 veniens
309 2556 389 2579 esse
423 2556 494 2578 non
528 2543 695 2578 videatur
731 2555 751 2578 a
777 2544 878 2578 nobis
913 2543 1116 2579 huiusmodi
1146 2544 1355 2579 relationem
1391 2545 1472 2580 aliis
1506 2547 1698 2581 monstrari
1710 2547 1732 2581 ³.
1783 2547 1904 2582 Patris

131 2609 275 2643 quoque
302 2597 477 2632 Everardi
501 2596 643 2631 litteras
669 2608 749 2631 cum
777 2597 858 2631 aliis
885 2596 1030 2631 Colonia
1057 2597 1151 2632 datis
1183 2598 1398 2643 accepimus.
1448 2598 1492 2641 Ii,
1528 2599 1658 2643 quibus
1691 2600 1786 2635 istuc
1820 2613 1905 2635 eun-

133 2651 216 2685 dum
247 2650 333 2692 erit,
369 2662 453 2684 mox
480 2649 733 2694 disponentur;
762 2661 978 2694 quamquam
1007 2662 1058 2692 eo,
1086 2651 1178 2694 quod
1205 2651 1376 2686 viaticum
1403 2664 1471 2686 non
1497 2656 1723 2698 acceperunt,
1750 2654 1905 2689 fortasse

132 2703 260 2738 diebus
294 2703 433 2747 aliquot
468 2702 602 2737 diutius
636 2703 693 2737 hic
728 2703 981 2745 morabuntur,
1015 2715 1094 2738 cum
1123 2704 1265 2739 difficile
1291 2705 1339 2739 sit
1364 2705 1550 2750 pecunias,
1578 2718 1669 2750 quae
1695 2707 1755 2742 vel
1779 2710 1904 2743 mutuo

254 2831 268 2845 ²
298 2824 438 2859 sobriae
464 2825 562 2858 Kess.

259 2949 268 2967 ¹
295 2947 373 2980 Hae
399 2946 542 2981 litterae
568 2946 704 2991 perisse
731 2946 910 2981 videntur.
1057 2947 1070 2968 ²
1096 2947 1187 2982 Vide
1213 2959 1323 2993 supra
1348 2960 1381 2994 p.
1410 2948 1608 2984 712—715.

257 3000 270 3020 ³
296 2999 335 3034 Iu
361 2999 430 3034 hac
455 2999 638 3041 relatione,
665 3011 787 3034 mense
805 3000 970 3044 Augusto
996 3000 1079 3035 anni
1109 3001 1198 3036 1560
1216 3012 1237 3036 a
1254 3001 1416 3037 Kesselio
1443 3002 1593 3037 Romam
1610 3004 1721 3040 missa
1742 3005 1906 3049 (Hansen

134 3053 159 3088 1.
187 3064 216 3087 e.
243 3064 276 3098 p.
304 3052 530 3097 364—366),
565 3052 874 3099 archiepiscopum
910 3053 1125 3089 catholicum
1160 3054 1303 3100 quidem
1339 3058 1375 3090 et
1409 3068 1496 3101 erga
1531 3056 1652 3093 Socios
1687 3059 1819 3104 optime
1853 3061 1905 3096 af-

137 3106 283 3147 fectum,
309 3105 372 3140 sed
399 3105 484 3140 mali
510 3105 665 3151 exempli
691 3118 781 3148 esse,
808 3106 934 3142 ducem
961 3107 1157 3142 clivensem
1184 3110 1219 3143 et
1243 3111 1392 3144 senatus
1418 3109 1632 3145 coloniensis
1661 3115 1801 3158 partem
1827 3125 1907 3160 pro-

136 3159 368 3194 testantismo
394 3159 518 3194 favere
544 3159 755 3194 affirmatur.

1550 3226 1626 3257 46*
