2142 3455
564 187 733 231 Augusta
759 188 1025 223 Vindelicorum
1053 189 1108 224 28.
1135 189 1293 234 Augusti
1323 190 1424 225 1560.
1799 193 1881 236 709

231 304 387 347 Reyulae
407 304 606 348 praepositi
623 305 871 346 provincialis.
915 306 1014 339 Noe-a
1040 308 1222 341 saa-once«.
1263 308 1385 341 illas-sls-
1410 312 1621 349 numus-tana.
1664 307 1885 341 Colonienses

114 361 226 401 νομαί,
251 361 290 390 ‘nt
317 357 437 391 Socios
463 357 631 400 quosdam
659 359 695 390 in
718 359 954 400 patrimoniis
970 360 1045 392 suis·
1062 361 1243 402 armandis·
1262 365 1290 393 et
1310 362 1345 394 in
1367 362 1457 394 alios
1475 361 1738 403 transferendis
1754 362 1882 394 sim-ent.

231 444 358 486 Nunc
406 444 519 497 quod
566 458 698 498 saepe
744 445 1020 499 promisimus
1066 444 1355 502 perscrilitum
1403 463 1558 490 munus
1604 447 1884 503 prouincialis

114 509 347 560 mittimus,
390 509 467 551 sed
506 508 588 551 hac
627 510 747 562 lege,
790 512 840 551 vt
871 510 1080 564 scriptum
1112 511 1225 554 idem
1258 513 1312 554 ad
1350 513 1659 567 prouincialem
1692 513 1883 568 galliae1

114 588 241 629 porro
273 574 488 625 mittatur,
522 573 635 616 sicut
667 574 832 616 Romae
864 575 988 616 nobis
1020 575 1260 619 iniunctum
1293 581 1372 620 est.

231 639 340 689 Quid
371 653 458 681 non
489 638 553 681 ita
584 643 745 693 nupera
779 638 839 694 [P]
874 639 1082 682 acciderit
1111 641 1154 682 in
1177 642 1368 684 Saxonia
1400 657 1455 684 ex
1488 643 1690 686 adiuncto
1723 643 1884 698 scripto

111 703 428 757 intelligetur2.
460 703 530 746 hic
563 703 723 758 alioqui
754 704 859 745 nihil
892 704 1006 756 noui,
1040 705 1122 746 nisi
1155 706 1269 759 quod
1294 707 1432 749 indies
1455 708 1663 750 maiorem
1695 708 1885 762 gratiam

112 768 235 811 nobis
275 768 429 812 tribuit
469 769 666 811 dominus
706 768 751 810 in
793 769 873 811 hac
914 783 1056 811 messe
1099 784 1226 823 quam
1270 771 1384 814 forte
1422 776 1655 825 augustam
1687 787 1773 815 non
1804 773 1885 814 im-

112 834 266 877 merito
300 833 476 885 dixeris,
508 833 675 877 faciant
707 837 853 877 autem
882 848 1034 889 preces
1067 837 1111 877 et
1143 835 1354 878 sacrificia
1375 851 1453 891 pro
1486 837 1609 879 nobis
1641 840 1803 889 vestra,
1836 841 1886 881 vt

112 899 226 953 quod
259 899 402 953 coepit
434 899 661 952 Augustae
704 899 851 942 diuina
892 899 1086 951 bonitas,
1129 899 1171 942 id
1214 900 1349 943 foelix
1391 901 1536 956 capiat
1571 902 1885 944 incrementum

111 964 167 1007 ad
191 964 448 1007 Germaniae
481 966 658 1007 nostrae
691 965 930 1007 salutarem
954 965 1313 1009 aedificationem.
1362 966 1525 1009 Verum
1549 967 1601 1009 de
1629 967 1710 1009 hoc
1741 967 1886 1010 fructu

112 1029 235 1072 alias.
298 1029 565 1083 Designatus
598 1032 665 1072 est
696 1030 836 1072 frater
876 1044 997 1073 meus
1030 1045 1057 1072 a
1088 1031 1315 1086 preposito
1354 1034 1504 1074 nostro
1536 1034 1586 1074 Vt
1617 1032 1661 1074 in
1694 1032 1886 1074 ordinem

112 1095 408 1149 professorum
441 1096 697 1150 cooptetur3
730 1095 844 1149 quod
865 1095 958 1137 fieri
979 1098 1129 1138 tamen
1150 1111 1236 1138 non
1262 1099 1422 1151 potest,
1456 1097 1539 1139 nisi
1562 1097 1820 1140 canonicatu
1843 1100 1887 1140 et

112 1160 290 1214 reliquis
332 1161 455 1203 bonis
495 1160 568 1203 ille
609 1160 794 1216 primum
828 1175 875 1203 se
907 1161 1080 1204 abdicet
1095 1162 1124 1204 4.
1187 1162 1343 1215 Itaque
1374 1164 1569 1205 vestram
1607 1162 1756 1205 audire
1788 1177 1886 1205 sen-

112 1225 297 1268 tentiam
330 1226 542 1277 volumus,
576 1226 770 1281 possitne
801 1240 963 1281 paucos
994 1226 1111 1269 intra
1143 1241 1314 1269 menses
1342 1242 1474 1282 opera
1505 1230 1655 1270 vestra
1685 1228 1729 1270 id
1761 1227 1886 1283 officij

115 1288 383 1346 [praestare]
397 1289 411 1309 ¹³
432 1294 482 1335 vt
506 1291 767 1334 liberaretur
789 1306 844 1334 ex
866 1291 932 1333 his
954 1292 1150 1334 rethibus
1172 1295 1304 1346 atque
1328 1292 1618 1348 compedibus,
1651 1293 1887 1347 statimque

113 1356 427 1410 professionem
461 1357 640 1400 aederet
670 1371 759 1399 vna
791 1371 887 1399 cum
917 1357 1049 1400 Patre
1081 1358 1211 1412 paulo
1244 1358 1441 1409 Hoffaeo,
1475 1358 1547 1412 qui
1580 1361 1624 1401 et
1655 1357 1747 1413 ipse
1780 1372 1887 1400 non-

113 1421 220 1464 nihil
259 1422 392 1465 habet
431 1421 475 1464 in
516 1422 671 1477 patrijs
712 1422 857 1474 bonis,
901 1423 1015 1477 quod
1053 1423 1310 1484 Moguntino
1344 1423 1535 1477 Collegio
1577 1423 1614 1465 si
1654 1424 1791 1466 vllum
1825 1422 1886 1479 [P]

113 1486 307 1530 futurum
357 1490 425 1530 est
471 1487 681 1542 applicari
728 1488 887 1540 vellet,
940 1502 1202 1542 quamquam
1249 1488 1293 1531 id
1341 1489 1546 1542 exiguum
1593 1503 1688 1531 esse
1734 1491 1840 1543 puto
1857 1490 1886 1532 5.

113 1551 296 1596 Accedit
329 1555 354 1595 3
387 1553 439 1596 D.
463 1553 678 1595 Henricus
699 1553 973 1605 Blishemius,
1008 1556 1053 1596 et
1086 1556 1266 1607 quartus
1300 1553 1383 1597 erit
1414 1555 1578 1597 Doctor
1609 1554 1886 1596 Hermannus

113 1617 340 1672 Thyraeus
382 1617 535 1672 quibus
576 1618 659 1661 duo
700 1620 752 1662 D.
787 1619 985 1661 Victoria
1027 1622 1071 1662 et
1112 1620 1163 1662 D.
1204 1619 1388 1662 Pisanus
1431 1619 1794 1671 adnumerantur,
1837 1621 1888 1661 vt

110 1683 406 1737 professorum
439 1683 633 1726 ordinem
666 1685 890 1738 augeant6
922 1684 1036 1739 quod
1067 1684 1153 1726 illis
1186 1687 1230 1727 et
1261 1684 1462 1727 societati
1494 1687 1543 1728 vt
1574 1684 1708 1727 foelix
1740 1684 1798 1727 sit
1831 1685 1885 1727 ad

112 1748 182 1790 dei
213 1749 399 1802 gloriam
439 1749 573 1792 etiam
614 1752 747 1803 atque
789 1749 921 1793 etiam
962 1764 1200 1805 precemur.
1264 1751 1330 1792 De
1363 1751 1401 1793 d.
1436 1749 1625 1792 Henrico
1667 1750 1711 1791 ni
1742 1749 1884 1801 fallor,

112 1814 226 1856 male
251 1817 475 1857 merentur
506 1814 646 1867 amici,
681 1815 753 1868 qui
784 1818 927 1858 totum
949 1818 1163 1870 vsurpant
1185 1815 1277 1867 sibi,
1313 1815 1426 1869 quod
1457 1814 1530 1857 ille
1562 1829 1648 1857 non
1679 1814 1886 1857 donatum

112 1879 189 1921 sed
221 1894 343 1922 suum
376 1879 589 1922 vindicari
619 1881 729 1932 vult,
762 1880 865 1923 licet
897 1895 982 1922 non
1015 1881 1160 1935 ampla
1193 1880 1251 1923 sit
1283 1895 1334 1923 ea
1365 1895 1467 1935 pars
1497 1879 1760 1935 patrimonij.
1813 1880 1886 1922 In-

112 1947 290 1998 gratum
322 1945 406 1989 erit
445 1945 569 1988 vobis
609 1960 766 1988 vereor
798 1946 911 2000 quod
943 1946 1023 1988 has
1065 1960 1190 1988 curas
1231 1948 1275 1988 et
1315 1946 1424 1988 haec
1465 1959 1598 1988 onera
1637 1944 1682 1987 in
1713 1947 1886 1989 vestros

231 2090 245 2104 ²²
276 2085 353 2119 Hoc
377 2085 585 2119 vocabulum
611 2090 641 2119 et
666 2086 737 2119 deco
763 2086 1004 2119 antecedentia
1031 2085 1215 2119 obscurius
1239 2085 1375 2128 scripta
1401 2089 1494 2118 sunt.

229 2137 245 2157 b
273 2139 352 2173 Hoc
386 2139 622 2183 supplendum
661 2150 730 2173 esse
773 2140 932 2182 videtur,
978 2139 1051 2172 nisi
1095 2139 1197 2172 malis
1241 2138 1426 2181 supplere:
1472 2137 1658 2182 resignare
1702 2137 1882 2180 [officium

111 2192 302 2235 canonici]
305 2219 312 2226 .

234 2326 243 2345 ¹
269 2325 310 2360 P.
337 2325 574 2361 Paschasium
601 2326 782 2360 Broetum.

231 2379 244 2399 ²
269 2378 325 2413 Ex
353 2378 488 2414 Canisii
512 2379 646 2414 litteris
672 2379 728 2413 31.
755 2378 912 2423 Augusti
940 2378 1030 2413 1560
1057 2378 1100 2412 ad
1127 2377 1292 2412 Lainium
1319 2377 1413 2412 datis
1439 2376 1664 2421 intellegitur
1689 2389 1709 2411 a
1741 2376 1885 2411 Canisio

108 2431 308 2476 significari
333 2444 419 2474 rem,
447 2444 554 2477 quam
573 2432 766 2476 Fribergae
793 2431 828 2465 in
852 2431 1009 2465 Saxonia
1035 2430 1209 2465 accidisse
1235 2430 1401 2464 ferebant
1427 2441 1590 2475 quaeque
1616 2431 1805 2465 enarratur
1829 2429 1886 2464 his

108 2485 252 2527 libellis,
279 2497 371 2520 anno
391 2485 483 2520 1560
501 2485 760 2528 Norimbergae
787 2497 831 2519 ex
858 2484 1002 2519 officina
1027 2483 1289 2530 typographica
1316 2483 1463 2528 Georgii
1486 2483 1681 2528 Kreydlein
1707 2484 1743 2517 in
1768 2483 1886 2518 lucem

109 2538 271 2573 emissis:
311 2539 347 2583 a)
389 2538 517 2581 „Newe
553 2538 733 2583 Zeyttung
770 2538 842 2571 vnd
878 2537 1208 2582 VVunderpredigt:
1245 2536 1434 2571 Dardurch
1469 2537 1527 2571 ein
1551 2537 1660 2571 Arme
1698 2536 1886 2580 einseltige

111 2591 282 2626 verachte
310 2591 542 2633 Junckfraw,
579 2591 655 2625 One
681 2590 809 2634 gefehr
834 2589 954 2625 XVIJ.
981 2590 1070 2625 Jhar
1096 2590 1166 2632 alt,
1203 2589 1273 2624 alle
1300 2589 1431 2624 Stende
1461 2602 1525 2624 zur
1550 2590 1666 2625 Busse
1700 2590 1775 2624 vnd
1800 2590 1886 2625 Bes-

108 2655 246 2688 serung
267 2643 343 2689 jres
368 2643 580 2678 sijndlichen
617 2643 742 2678 lebens
780 2645 968 2677 ver-manet
1002 2642 1084 2684 hat,
1124 2642 1338 2678 Geschehen
1372 2655 1416 2677 zu
1440 2642 1639 2686 Freibergk
1664 2643 1701 2677 in
1726 2642 1885 2677 Meissen

109 2697 180 2732 den
207 2698 260 2731 17.
287 2697 384 2741 May.
433 2696 536 2730 Anno
565 2697 666 2731 1560.
718 2696 786 2730 Mit
820 2696 918 2730 einer
942 2695 1120 2738 Vorrede,
1147 2696 1348 2731 Hieronimi
1372 2695 1536 2730 WVelleri.
1567 2695 1631 2731 D.“
1685 2695 1722 2740 b)
1756 2695 1885 2739 „Newe

110 2750 284 2795 Zeytung.
335 2750 416 2784 Von
442 2749 557 2784 einem
583 2749 766 2793 Megdlein
793 2749 857 2783 das
884 2749 1055 2784 entzuckt
1080 2749 1129 2784 ist
1163 2751 1319 2793 gewest‚
1355 2749 1428 2783 vnd
1463 2760 1539 2784 was
1574 2748 1885 2784 wunderbarliche

110 2803 208 2838 Rede
235 2815 274 2837 es
301 2803 435 2847 gethan
462 2802 536 2844 hat,
571 2802 776 2846 geschehen
802 2814 846 2837 zu
871 2802 1057 2848 Freyberg
1087 2803 1123 2837 in
1149 2803 1319 2848 Meyssen
1349 2802 1396 2837 im
1424 2803 1499 2837 Jar.
1526 2802 1716 2837 M.D.LX.“
1773 2802 1886 2845 (Emil

110 2858 248 2902 Weller,
274 2856 340 2890 Die
366 2857 487 2890 ersten
514 2856 712 2891 deutschen
736 2855 942 2899 Zeitungen,
970 2856 1006 2890 in
1037 2855 1263 2899 „Bibliothek
1289 2856 1353 2890 des
1378 2855 1645 2890 litterarischen
1669 2855 1823 2890 Vereins
1849 2855 1885 2890 in

111 2910 316 2953 Stuttgart⁴⁴
348 2908 427 2943 CXI
454 2908 657 2953 [Tiibingen
686 2908 802 2953 1872]‚
834 2909 929 2953 166).
1089 2910 1102 2931 ³
1128 2909 1154 2943 I.
1182 2921 1211 2944 e.
1238 2909 1500 2954 professionem
1525 2908 1736 2944 sollemnem
1761 2909 1884 2944 faciat.

231 2964 244 2983 ⁴
270 2962 362 2997 Vide
380 2974 490 3008 supra
507 2974 540 3008 p.
561 2963 657 2998 701⁴.
691 2962 951 2997 Theodoricum
970 2962 1152 2998 Canisium
1172 2962 1283 2997 Xanti
1309 2962 1346 2997 in
1372 2962 1526 2997 ecclesia
1544 2961 1577 2997 S.
1596 2962 1755 2998 Victoris
1781 2974 1883 2997 cano-

110 3017 270 3051 nicatum
296 3015 468 3050 habuisse
494 3018 636 3050 constat
665 3015 770 3059 (Can.
798 3015 888 3061 Epp.
915 3016 950 3058 I,
986 3016 1081 3057 290³,
1112 3018 1148 3051 et
1173 3016 1268 3050 infra
1294 3028 1327 3062 p.
1356 3016 1453 3058 720).
1505 3017 1683 3050 Polam-us
1708 3028 1789 3051 eum
1816 3015 1883 3051 No-

111 3068 270 3113 viomagi
297 3069 509 3104 canonicum
533 3069 647 3104 fuisse
673 3069 799 3104 scribit
827 3069 1042 3113 (Chronicon
1068 3068 1130 3111 IV,
1157 3069 1255 3113 273).

233 3123 246 3143 ⁵
271 3122 444 3158 Hoffaeus
470 3134 516 3157 ex
542 3122 798 3158 arohidioecesi
824 3122 1035 3168 moguntina
1061 3125 1160 3158 ortus
1187 3124 1284 3164 erat,
1311 3123 1393 3157 vide
1418 3133 1528 3168 supra
1553 3135 1586 3168 p.
1614 3123 1686 3158 962.

234 3176 247 3196 ⁶
272 3175 364 3210 Vide
390 3187 500 3222 supra
525 3188 558 3222 p.
586 3177 665 3211 660.
693 3177 772 3211 701.
