2142 3455
629 194 795 238 Augusta
821 193 1089 229 Vindelicorum
1115 194 1172 228 22.
1199 193 1279 227 Iulii
1308 193 1408 227 1559.
1821 195 1905 235 479

139 327 194 354 ex
226 311 556 366 Augustinianis
588 311 675 353 illic
708 312 959 354 sacerdotes
991 314 1237 365 supersunt,
1273 310 1343 363 qui
1377 313 1551 352 nostros
1584 312 1798 364 expetunt
1830 309 1907 351 ho-

138 377 296 432 spites:
337 379 568 420 sexcentos
591 377 719 419 credo
732 383 799 419 QX
826 376 1002 419 decimis
1035 375 1253 418 reservari
1284 376 1471 417 florenos
1503 375 1546 417 in
1579 375 1704 417 huius
1738 373 1909 428 collegii

139 443 525 485 sustentationem:
559 442 748 495 reliquos
771 445 1010 496 proventus
1034 441 1206 484 aliunde
1230 440 1483 483 corradere²²
1506 455 1590 482 non
1615 440 1697 482 erit
1726 439 1910 494 principi

139 507 326 550 difficile.
360 508 621 562 promittunt
663 507 825 549 victum
858 507 1172 557 necessarium,
1216 506 1331 548 haud
1370 506 1496 548 dubie
1529 505 1670 547 minus
1703 520 1787 546 non
1820 505 1909 546 lar-

138 573 324 627 gientur,
360 588 489 627 quam
521 573 731 616 fratribus
753 572 1035 625 Ingolstadii3
1070 572 1122 626 ijs
1154 571 1277 613 brevi
1310 573 1483 613 centum
1516 572 1703 612 florenos
1729 570 1773 612 in
1794 569 1911 613 horti

139 641 423 692 augmentum
461 637 707 692 impetravi.
771 637 909 679 Credo
950 637 1196 691 exemplum
1232 636 1278 679 P.
1312 635 1473 689 Ignatii
1514 635 1583 677 hic
1624 649 1793 688 quoque
1835 635 1910 676 ob-

139 703 306 745 servari
347 718 500 758 posse,
545 706 594 746 ut
634 717 720 745 non
762 702 991 744 admodum
1034 702 1087 743 ab
1128 701 1250 743 initio
1295 700 1534 755 principem
1580 714 1813 754 urgeamus
1859 700 1914 741 de

138 783 307 810 summa
339 771 650 823 proventuum,
694 770 738 810 et
771 770 972 822 praestat
1004 766 1128 808 annis
1161 765 1332 819 quidem
1365 766 1580 820 prioribus
1613 765 1717 807 nihil
1751 765 1911 807 habere

139 834 269 884 certi,
312 837 361 876 ut
393 834 524 876 liceat
560 833 733 888 saepius
766 836 810 875 et
841 832 1017 874 liberius
1049 833 1198 885 petere
1232 845 1343 884 quae
1376 834 1478 874 sunt
1511 831 1565 872 ad
1598 829 1912 884 supellectilem

138 899 437 942 instruendam
469 899 728 941 necessaria.
784 898 883 940 Non
916 899 1111 952 repetam
1134 910 1245 949 quae
1268 896 1432 950 scripta
1454 899 1555 938 sunt
1587 910 1730 949 saepe,
1765 894 1912 948 magni

139 964 319 1016 referre,
354 967 402 1007 ut
435 964 608 1006 selectis
640 963 836 1018 personis
869 963 950 1005 hoc
983 964 1154 1004 constet
1186 961 1437 1015 collegium:
1471 960 1587 1003 inter
1618 961 1696 1002 has
1724 960 1770 1002 P.
1795 961 1912 1002 Mar-

138 1029 309 1071 tinuml
344 1029 707 1078 concionatorem,
741 1029 788 1071 P.
817 1027 1048 1082 Tyrsium²
1080 1029 1155 1069 aut
1188 1027 1318 1069 alium
1342 1027 1486 1081 potius
1510 1026 1747 1068 doctiorem
1771 1025 1912 1066 Theo-

139 1095 287 1148 logum
310 1095 656 1145 recensebamus,
691 1094 954 1147 adiungendi
976 1095 1124 1135 essent
1148 1092 1352 1134 Germani
1385 1092 1457 1134 alii
1481 1092 1563 1133 duo
1594 1094 1643 1134 ut
1674 1090 1911 1140 minimum,

139 1159 210 1213 qui
252 1159 463 1202 classibus
503 1161 865 1214 praeficerentur:
906 1162 999 1202 tum
1039 1158 1230 1201 Graecus
1270 1158 1409 1200 lector
1450 1157 1736 1199 desideratur.
1800 1156 1912 1197 Illud

140 1228 270 1279 caput
303 1228 390 1276 est,
436 1239 490 1266 an
522 1225 639 1267 intra
671 1239 842 1267 menses
884 1225 991 1267 duos
1032 1227 1108 1266 aut
1149 1226 1239 1265 tres
1273 1222 1498 1277 expectari
1530 1222 1670 1264 nostri
1703 1221 1911 1263 debeant:

139 1290 192 1332 de
224 1290 383 1332 scholis
414 1290 520 1331 nihil
553 1290 691 1332 adhuc
725 1293 882 1339 actum,
917 1291 1036 1331 locus
1062 1289 1247 1344 primum
1279 1288 1571 1343 inspiciendus
1604 1291 1683 1330 est.
1740 1287 1824 1329 Sed
1857 1300 1912 1328 ex

138 1355 190 1398 R..
214 1356 263 1398 T.
288 1356 507 1398 sententia
528 1369 599 1397 res
622 1355 760 1397 omnis
783 1355 956 1409 pendet.
1001 1354 1209 1397 Dominus
1230 1353 1460 1404 Bavariae,
1492 1356 1541 1396 ut
1563 1367 1703 1407 spero,
1731 1352 1911 1394 misere-

139 1421 268 1472 bitur,
297 1421 379 1463 etsi
403 1421 527 1463 doleo
550 1421 847 1463 Lutheranum
869 1420 1085 1462 Monachii
1107 1419 1457 1473 ludimagistrum
1480 1419 1649 1473 publice
1671 1417 1865 1472 profiteri
1880 1418 1909 1460 3.

257 1487 323 1528 De
357 1486 658 1541 Oenipontano
691 1486 873 1539 collegio
905 1486 1064 1528 iterum
1097 1485 1166 1539 egi
1199 1499 1293 1527 cum
1328 1484 1535 1534 Caesare,
1579 1484 1651 1537 qui
1684 1484 1911 1525 obfirmato

141 1551 282 1594 animo
316 1552 473 1595 statuit
505 1554 679 1594 nostros
710 1552 812 1593 illuc
844 1552 1142 1593 introducere:
1184 1553 1357 1593 tantum
1389 1550 1555 1604 pietate
1587 1552 1751 1599 motus,
1788 1551 1832 1590 et
1864 1550 1912 1590 ut

140 1617 255 1659 votis
278 1617 525 1660 satisfaciat
540 1618 569 1668 4,
603 1631 682 1659 sex
703 1619 935 1671 praeterea
958 1617 1208 1659 sacerdotes
1232 1616 1410 1658 alendos
1433 1618 1573 1670 putat,
1603 1614 1674 1668 qui
1696 1605 1912 1656 cantando

140 1685 184 1725 et
217 1683 363 1725 divina
396 1683 587 1736 quotidie
621 1683 880 1725 celebrando
914 1683 1123 1737 templum
1156 1683 1333 1732 ornent,
1368 1681 1444 1723 sed
1475 1681 1560 1731 ita,
1594 1683 1643 1723 ut
1675 1679 1912 1734 separatim

139 1748 353 1799 habitent,
377 1751 554 1791 nostrae
576 1748 751 1791 interim
774 1747 1027 1803 disciplinae
1051 1746 1247 1790 subiecti.
1276 1746 1360 1788 Hic
1382 1761 1467 1788 non
1490 1745 1677 1801 putarim
1700 1744 1762 1786 illi
1784 1744 1912 1786 valde

139 1814 485 1856 reclamandum:
521 1817 597 1856 aut
620 1813 656 1855 si
679 1827 763 1866 qua
785 1816 933 1868 potest
957 1812 1043 1855 alia
1065 1812 1305 1855 moderatio
1330 1811 1537 1862 adhiberi,
1568 1811 1719 1853 lubens
1741 1824 1911 1863 sequar.

259 1879 463 1934 Episcopi
503 1879 631 1934 plane
673 1882 923 1922 statuerunt
965 1879 1020 1920 ad
1061 1878 1233 1920 scholas
1274 1877 1504 1931 erigendas
1545 1890 1592 1918 se
1634 1878 1912 1917 convertere:

140 1943 247 1986 nihil
279 1944 463 1995 facilius,
499 1959 629 1998 quam
661 1944 845 1998 collegia
876 1958 990 1986 nunc
1023 1943 1289 1986 constituere
1320 1942 1591 1985 Germanica.
1647 1941 1729 1983 Sed
1761 1940 1910 1983 mittat

141 2010 351 2052 Dominus
393 2010 640 2052 homines
681 2010 980 2052 secundum
1023 2023 1110 2051 cor
1151 2009 1347 2058 suum5,
1391 2007 1462 2061 qui
1499 2007 1636 2049 velint
1669 2008 1714 2048 et
1745 2005 1913 2060 possint

141 2089 286 2117 muros
320 2075 594 2117 Hierusalem
626 2075 859 2118 restituere
875 2076 904 2118 ss.

264 2142 329 2183 De
373 2141 420 2184 P.
467 2140 714 2184 Schorichio
756 2141 860 2183 nihil
903 2140 1004 2183 novi
1045 2140 1254 2183 adfertur.
1319 2140 1365 2181 P.
1409 2137 1650 2180 Dionisium
1692 2137 1747 2178 ad
1789 2137 1912 2179 Rom.

141 2206 456 2260 profectionem
499 2220 756 2261 permovere
800 2220 885 2248 non
926 2205 1048 2260 potui
1090 2207 1139 2248 ut
1178 2207 1400 2259 postremo
1443 2201 1607 2257 scripsi.
1672 2202 1818 2244 Rediit
1860 2202 1915 2244 ad

141 2271 250 2314 ollas
287 2271 570 2326 Aegiptiacas
587 2272 615 2322 7,
651 2272 687 2314 si
719 2272 834 2315 forte
868 2271 1035 2325 siliquis
1066 2271 1244 2313 tandem
1278 2268 1466 2311 saturari
1500 2270 1630 2321 queat
1646 2268 1675 2310 8.

262 2336 370 2379 Oret
402 2337 452 2380 R.
488 2337 522 2379 T
554 2352 632 2392 pro
667 2338 832 2380 duobus
863 2337 1096 2388 fratribus,
1141 2350 1247 2389 quos
1286 2335 1351 2377 his
1385 2334 1535 2376 diebus
1568 2333 1764 2375 Viennae
1796 2333 1915 2376 vitae

141 2416 247 2444 suae
280 2416 453 2444 cursum
485 2402 671 2445 feliciter
694 2404 973 2445 absolventes
1003 2401 1274 2445 restituimus
1298 2399 1497 2442 creatori.
1545 2398 1731 2440 Ioannes
1753 2399 1916 2441 Lotha-

142 2467 292 2522 ringus
317 2470 362 2510 et
383 2468 540 2511 Petrus
561 2467 739 2510 Atriusb
760 2469 823 2510 illi
846 2468 950 2510 dicti
973 2470 1075 2509 sunt
1091 2468 1119 2509 9.
1161 2467 1362 2519 Languet
1384 2464 1566 2506 Iacobus
1584 2464 1619 2491 1⁰
1650 2478 1788 2518 nuper
1820 2478 1914 2506 cum

261 2602 275 2616 ³
303 2598 360 2630 tot
384 2596 510 2631 radere
537 2607 661 2641 apossr.
807 2595 822 2614 ¹³
850 2595 965 2629 Anius
991 2606 1140 2639 apoyr.,·
1165 2605 1194 2627 v.
1222 2594 1336 2636 infra,
1363 2592 1446 2625 adn.
1476 2594 1506 2625 9.

266 2713 276 2733 ¹
305 2712 593 2747 Stevordianum.
740 2711 754 2732 ²
779 2711 819 2746 P.
847 2712 1017 2746 Ioannem
1043 2709 1225 2755 Dyrsium.

264 2767 277 2786 ³
303 2765 502 2800 Martinum
527 2765 727 2805 Balticum;
755 2765 801 2799 cf.
827 2776 937 2810 supra
963 2776 996 2809 p.
1027 2763 1120 2798 1112.
1267 2763 1279 2782 4
1307 2761 1360 2796 Cf.
1391 2762 1477 2795 Can.
1505 2760 1593 2806 Epp.
1622 2760 1647 2801 Ι,
1674 2760 1772 2794 476³.

265 2819 278 2838 ⁵
304 2819 384 2852 Act.
414 2818 468 2859 13,
495 2819 551 2852 22.
604 2819 620 2852 1
649 2817 737 2862 Reg.
767 2817 821 2856 13,
850 2819 904 2852 14.
1051 2818 1064 2836 ⁰
1090 2816 1164 2850 Cf.:
1191 2816 1302 2849 Amos
1329 2815 1361 2856 9,
1390 2815 1443 2849 11.
1490 2815 1506 2848 1
1535 2813 1653 2848 Mach.
1684 2814 1713 2854 1,
1742 2814 1784 2848 11
1811 2815 1879 2848 etc.

266 2872 279 2891 Ἴ
306 2871 523 2905 Societatem
549 2871 720 2905 deseruit.
772 2871 825 2905 Cf.
854 2870 920 2904 Ex.
950 2870 1003 2910 16,
1031 2869 1062 2903 3.
1210 2869 1222 2889 ³
1249 2868 1302 2903 Cf.
1331 2868 1415 2902 Luc.
1446 2868 1499 2908 15,
1527 2867 1581 2901 16.

267 2926 280 2943 ⁹
311 2925 351 2966 „J
357 2924 515 2958 ohannes
533 2923 723 2958 Tomasius
741 2923 947 2967 Lotringus,
974 2923 1019 2957 20
1037 2922 1146 2956 habet
1171 2933 1293 2962 annos,
1321 2922 1342 2955 2
1368 2921 1404 2955 in
1429 2920 1604 2955 societate
1630 2920 1811 2964 transegit
1836 2931 1917 2954 cum

147 2977 311 3018 dimidio,
340 2979 423 3011 uota
449 2976 537 3011 fecit
563 2988 654 3010 anno
682 2976 746 3017 58,
773 2976 896 3010 studet
921 2975 1193 3010 Rheth01·icae.“
1252 2974 1402 3017 „Petrus
1427 2974 1554 3008 Atrius
1581 2973 1708 3008 Gallus
1734 2973 1779 3008 30
1804 2985 1917 3008 annos

146 3033 254 3066 natus
273 3033 338 3071 est,
357 3030 529 3064 mundum
548 3029 694 3074 reliquit
712 3041 742 3064 a.
758 3030 826 3071 55„
845 3029 1001 3063 secundo
1020 3040 1111 3063 anno
1130 3031 1215 3063 uota
1232 3028 1330 3070 fecit,
1348 3030 1561 3073 praeceptor
1580 3029 1636 3062 est
1650 3026 1722 3062 3⁰³³⁶
1744 3026 1892 3062 classis“
1910 3040 1917 3062 :

147 3084 374 3127 *Catalogus
401 3083 544 3126 collegii
569 3082 859 3123 vindobonensis,
885 3085 970 3117 ante
995 3082 1152 3117 medinm
1178 3094 1209 3117 3.
1231 3082 1322 3117 1559
1346 3093 1366 3116 3
1385 3081 1424 3116 P.
1447 3082 1576 3116 Carolo
1599 3082 1740 3115 Grimesso
1759 3080 1917 3126 scriptus

150 3137 250 3182 (Cod.
282 3139 425 3180 „Austr.
452 3136 565 3170 Fund.
592 3136 672 3171 III.“
704 3136 728 3170 f.
758 3137 851 3171 161³.
880 3135 993 3179 160¹>).

257 3191 283 3212 ¹⁰
309 3191 349 3224 In
375 3189 562 3234 *catalofso
588 3189 690 3225 modo
716 3192 912 3224 memorato
939 3191 1123 3235 comparet
1145 3189 1319 3232 „Jocobus
1346 3189 1389 3223 de
1406 3188 1531 3233 Magni
1560 3187 1713 3230 Jtalus‘,
1743 3188 1785 3223 19
1804 3199 1915 3222 annos
