2142 3455
447 191 526 226 301.
563 190 728 226 Ganisius
754 189 910 225 Martino
938 190 1094 226 Cromer.
1134 191 1247 225 Roma
1276 191 1329 226 11.
1357 191 1448 225 Iunii
1479 191 1580 226 1558.
1814 194 1898 235 275

955 326 1077 368 301.

865 418 1162 467 CANISIUS

667 523 1003 567 MARTINo
1038 523 1355 578 cRoMER,

284 614 455 648 canonico
483 610 705 647 cracoviensi
732 612 767 644 et
793 606 964 645 PoIoniae
991 611 1088 655 regis
1115 612 1208 656 apud
1235 612 1500 646 Ferdinandum
1528 612 1553 646 I.
1582 612 1704 656 legato
1725 613 1743 646 ¹.

787 692 898 729 Roma
925 692 964 728 ll.
992 692 1087 729 Iunii
1115 693 1196 729 1558
1212 695 1236 729 ².

250 777 306 811 Ex
331 776 554 822 autographo
583 776 636 820 (20
661 775 761 816 min.;
789 775 810 809 2
830 787 907 820 pp.;
935 775 970 809 in
996 788 1030 820 p.
1048 776 1081 810 4.
1108 776 1214 810 inscr.
1243 778 1278 810 et
1304 776 1401 820 sig).
1439 776 1523 811 Cod.
1551 788 1691 811 cracov.
1725 777 1903 819 ,Cromeri

132 831 418 930 ΘΡΙΞῌΕ,Ἡ311115111711ε1
434 884 588 930 primum
606 882 757 926 vulgata
776 883 830 917 est
848 882 884 916 111
907 882 1188 924 „Pastoralblatt
1205 883 1264 917 fiir
1281 883 1336 917 die
1355 882 1506 917 Diocese
1525 883 1730 924 Ermland“,
1758 884 1903 919 heraus-

131 938 294 983 gegeben
319 938 391 972 und
417 938 568 981 redigirt
592 949 660 971 von
688 936 749 970 Dr.
768 937 810 970 F.
830 937 961 980 Hipler
989 936 1061 980 (20.
1080 936 1217 980 Jahrg„
1246 937 1477 980 Braunsberg
1502 936 1623 980 1888),
1650 949 1684 982 p.
1707 937 1904 972 115—116.

257 1022 396 1054 Gaudet
430 1022 472 1054 de
503 1021 618 1064 ea'z‘tn,
653 1031 753 1064 quem
789 1020 999 1063 colloquium
1040 1021 1268 1053 vormatiense
1303 1020 1478 1054 habuerit.
1532 1020 1699 1064 staphyli
1734 1022 1902 1064 epitomen

133 1075 324 1117 theoloyiae
350 1075 502 1108 Lutheri
528 1074 663 1107 laudat.
713 1074 810 1115 Quae
835 1075 871 1106 in
901 1084 939 1106 ea
967 1074 1180 1114 cort-{aenda
1207 1084 1276 1107 esse
1301 1074 1500 1107 videantur.
1548 1074 1769 1107 Cecrcttm'mn
1796 1085 1841 1117 se,
1871 1078 1905 1107 ut

133 1130 289 1172 insiynes
308 1128 404 1161 Socii
426 1127 631 1161 Crocotium
648 1127 838 1160 mittantur
844 1139 858 1169 ,·
883 1127 966 1159 inde
985 1127 1188 1160 Societatem
1209 1129 1245 1160 in
1266 1128 1449 1160 Varnez'mn
1469 1129 1719 1161 transituram.
1760 1128 1904 1161 Italiam

139 1183 276 1216 Tan-cas
308 1183 439 1215 timere.
489 1180 667 1224 Reliffl'oni
703 1182 736 1214 in
765 1181 916 1214 Polom’a
952 1181 1214 1214 conservandae
1249 1192 1381 1214 omnem
1419 1192 1563 1224 operam.
1595 1182 1797 1214 navandam
1826 1192 1906 1215 esse.

135 1237 294 1270 Litteras
327 1236 432 1268 mittit
467 1246 510 1268 ea:
535 1235 651 1268 Itzde’e's
685 1234 839 1276 allatas,·
876 1234 962 1267 illuc
988 1245 1133 1277 requam
1163 1235 1231 1267 Dee·
1256 1236 1464 1277 transferri.
1521 1235 1681 1268 Cromere'
1707 1235 1837 1268 librum
1866 1235 1908 1268 de

136 1290 308 1324 caelibatu
335 1290 452 1322 ridere
478 1290 583 1332 cupit.

481 1376 576 1419 Pax
607 1376 739 1419 IESV
772 1376 995 1418 CHRISTi
1027 1376 1248 1418 nobiscum
1283 1376 1560 1431 sempiterna.

257 1462 362 1504 Cum
401 1460 485 1502 huc
526 1459 718 1502 venisset
759 1460 810 1502 D.
853 1458 1042 1501 Lanoius
1058 1460 1087 1509 3,
1130 1459 1279 1514 accepi
1319 1459 1470 1502 literas
1510 1462 1611 1502 tuas
1652 1459 1909 1501 Reuerende

138 1526 345 1578 Domine,
386 1527 617 1580 pergratas
649 1525 746 1567 illas
789 1524 959 1579 quidem
992 1524 1118 1576 mihi,
1162 1525 1275 1579 quod
1313 1528 1508 1568 veterem
1541 1539 1646 1579 erga
1679 1538 1747 1567 me
1779 1525 1910 1567 bene—

139 1592 376 1635 uolentiam
407 1594 528 1635 tuam
558 1592 875 1634 confirmarent.
931 1590 1189 1644 Priusquam
1222 1604 1326 1632 uero
1360 1605 1415 1632 ex
1436 1590 1625 1633 Bauaria
1658 1590 1911 1644 ingrederer

138 1658 236 1709 iter,
271 1658 435 1700 alteras
458 1657 511 1699 ad
534 1671 601 1699 me
623 1656 793 1698 Vienna
817 1656 987 1707 dedisti,
1023 1656 1176 1710 quibus
1199 1659 1272 1699 tua
1294 1656 1362 1711 pie
1394 1658 1438 1698 et
1461 1656 1682 1710 sapienter
1703 1656 1910 1698 monebas

142 1724 194 1766 de
239 1723 408 1765 colonia
452 1722 636 1775 quadam
682 1724 930 1764 nostrorum
975 1721 1227 1765 Cracouiam
1273 1722 1593 1764 transferenda.
1659 1722 1753 1764 Hoc
1797 1721 1911 1764 enim

140 1789 373 1844 praecipue
406 1787 510 1829 mihi
540 1789 733 1831 tractare
766 1787 1040 1831 videbantur.
1094 1787 1210 1830 Nam
1233 1788 1285 1829 de
1308 1787 1553 1841 colloquio4
1584 1789 1783 1842 repetere
1810 1786 1913 1841 quid

143 1854 335 1898 attinet?
368 1853 483 1895 illius
510 1853 653 1896 exitus
677 1867 805 1906 quam
837 1853 1061 1907 ingressus
1093 1853 1290 1895 foelicior
1320 1852 1416 1904 fuit,
1450 1853 1621 1895 illorum
1643 1853 1803 1895 bellum
1825 1867 1913 1908 pax

143 1919 386 1963 Ecclesiae:
413 1920 581 1973 fingant
602 1918 857 1973 versipelles
880 1918 1115 1972 quaelibet:
1144 1919 1197 1960 in
1222 1919 1331 1961 Deo
1359 1919 1593 1961 fecimus
1619 1919 1868 1962 virtutem
1881 1919 1910 1970 5,

144 1986 215 2040 qui
247 1984 426 2028 immisit
457 1984 500 2026 in
531 1984 628 2026 illos
659 1984 920 2039 spiritum
952 1984 1102 2027 verti
1113 1984 1295 2038 ginis6
1327 1987 1458 2038 atque
1489 1984 1766 2027 confusionis.
1821 1983 1913 2034 Qua

145 2052 196 2094 de
228 2065 276 2093 re
307 2064 428 2093 meas
461 2050 781 2104 qualescunque
823 2050 1130 2093 annotationes
1171 2050 1250 2093 tibi
1291 2064 1377 2092 non
1419 2049 1688 2104 displicuisse
1725 2050 1868 2092 laetor
1883 2050 1912 2092 ⁷.

144 2118 373 2160 Caeterum
407 2115 520 2170 quod
552 2115 607 2158 ad
640 2115 839 2170 Staphyli
871 2115 1009 2159 nostri
1042 2130 1149 2171 opus
1182 2115 1364 2166 attinet,
1400 2115 1605 2157 laudatur
1636 2115 1708 2157 ille
1741 2115 1914 2168 quidem

145 2186 190 2226 et
229 2183 339 2225 bene
380 2180 536 2224 cecidit
576 2181 826 2235 praeclarus
868 2183 1075 2233 conatus,
1117 2184 1167 2224 ut
1207 2181 1374 2235 gratias
1417 2181 1649 2223 debeamus
1690 2181 1914 2223 Ecclesiae

144 2247 458 2303 propugnatori
475 2247 504 2289 8.
567 2246 743 2290 Vellent
783 2246 957 2290 interim
998 2246 1212 2299 nonnulli,
1259 2249 1432 2301 partum
1476 2246 1618 2298 illum,
1665 2249 1714 2289 ut
1758 2246 1916 2289 alicubi

264 2386 278 2401 ³
305 2383 383 2415 tum
409 2380 610 2414 Pa-storalbl
616 2410 621 2414 .

267 2504 278 2524 ¹
304 2503 358 2537 De
385 2501 592 2537 doctissimo
617 2501 685 2537 hoc
703 2502 791 2545 viro,
818 2502 880 2548 qui
905 2504 1030 2548 postea
1057 2502 1249 2547 episcopus
1267 2501 1482 2536 varmiensis
1509 2499 1588 2542 fuit,
1615 2499 1698 2535 vide
1721 2500 1806 2534 Can.
1826 2499 1915 2545 Epp.

145 2558 172 2599 1,
197 2556 285 2592 4582
310 2558 377 2591 etc.

266 2610 280 2632 ²
306 2609 490 2651 Canisius,
530 2608 665 2652 ,medio
700 2608 842 2644 circiter
875 2609 972 2644 Maio
1001 2609 1155 2644 Romam
1190 2620 1271 2643 cum
1307 2607 1510 2652 attigisset,
1547 2607 1731 2651 egregiam
1766 2606 1919 2641 contulit

147 2675 292 2710 operam
318 2662 576 2709 praeparandis
602 2662 646 2696 iis
671 2662 788 2704 rebus,
815 2674 904 2708 quas
921 2663 1105 2709 praeuerti
1124 2662 1306 2697 Comitiis“
1329 2661 1558 2705 generalibus
1578 2659 1767 2695 Societatis
1799 2672 1918 2706 ,opor-

145 2718 265 2760 tebat,
300 2719 342 2752 vt
366 2717 503 2762 primus
528 2715 589 2750 ille
616 2715 759 2751 Ordinis
785 2719 1002 2759 conuentus,
1037 2717 1074 2751 in
1100 2728 1170 2761 quo
1196 2718 1340 2762 praeter
1365 2715 1583 2750 creationem
1609 2714 1830 2758 Praepositi,
1862 2725 1916 2748 re—

147 2770 395 2816 cognoscenda
412 2769 536 2811 multa,
556 2772 591 2804 et
609 2769 788 2815 permulta
805 2771 998 2806 sancienda
1017 2772 1130 2812 erant,
1149 2772 1245 2805 recte
1264 2771 1300 2804 et
1318 2769 1502 2804 commode
1520 2768 1730 2802 haberetur“
1749 2781 1756 2802 ε
1775 2768 1919 2802 Socclei-

147 2837 226 2869 nus,
253 2825 339 2860 Cau.
365 2836 398 2869 p.
429 2823 626 2858 146—147.

269 2879 282 2899 ³
308 2877 400 2912 Vide
430 2887 539 2922 supra
565 2887 598 2922 p.
626 2876 824 2912 253—254.

268 2933 281 2952 ⁴
307 2930 517 2965 vormatiae
543 2941 575 2964 a.
604 2930 694 2965 1557
721 2930 764 2965 de
789 2930 963 2975 religione
989 2930 1123 2965 habito.

269 2986 282 3006 ⁵
307 2985 369 3020 Ps.
398 2985 475 3026 107,
505 2984 558 3018 14.
705 2983 718 3004 ⁶
743 2984 789 3019 Is.
819 2985 872 3027 19,
902 2985 956 3020 14.

270 3039 283 3059 ⁷
309 3038 475 3073 Canisius
507 3036 668 3072 libellum
703 3048 827 3073 suum:
866 3038 978 3082 „Vom
1012 3037 1211 3073 Abschiedt
1247 3037 1308 3072 des
1341 3034 1516 3081 Colloquij
1552 3046 1596 3068 zu
1621 3033 1810 3069 Wormbs“
1851 3037 1919 3070 etc.

151 3091 351 3136 significat;
377 3092 460 3126 vide
485 3091 590 3132 infra,
617 3103 762 3126 monum
788 3091 867 3127 203.

272 3145 285 3166 ⁸
309 3145 514 3180 Fridericus
540 3143 737 3190 Staphylus
775 3145 826 3187 (v.
857 3146 943 3180 Can.
971 3145 1060 3190 Epp.
1087 3145 1123 3186 I,
1159 3143 1260 3187 557¹)
1297 3144 1391 3178 inter
1426 3141 1641 3186 colloquium
1676 3141 1921 3177 vormatiense

152 3197 298 3244 scripsit
311 3200 347 3234 et
360 3199 505 3234 ineunte
519 3210 550 3233 a.
565 3197 655 3234 1558
667 3197 790 3234 Ottoni
805 3198 977 3234 cardinali
991 3200 1194 3243 augustano
1209 3197 1390 3233 dedicavit
1403 3196 1549 3231 librum:
1570 3194 1898 3237 „THEOLOGIAE
1914 3195 1917 3240 1

1571 3256 1644 3288 18*
