2142 3455
208 173 392 202 XXXVIII

280 276 369 309 1559

280 381 369 415 1559

280 487 370 521 1559

281 647 371 681 1559

282 754 371 787 1559

281 860 371 894 1559

281 967 371 1001 1559

282 1074 371 1108 1559

281 1181 372 1216 1559

281 1341 372 1375 1559

274 1481 386 1523 1559

284 1626 372 1661 1559

283 1733 373 1768 1559

284 1841 374 1875 1559

284 1978 386 2016 1559

284 2157 387 2194 1559

287 2216 388 2253 1559

248 2335 350 2372 1559
373 2334 424 2383 [‘?]

288 2470 378 2504 1559

290 2630 379 2664 1559

290 2736 380 2771 1559

290 2790 382 2824 1559

292 2895 382 2930 1559

294 3002 384 3037 1559

295 3055 385 3090 1559

295 3161 386 3196 1559

662 158 722 192 ΙΙΙ.
758 157 917 193 Tabulae
944 158 1216 205 chronologicae
1242 161 1341 196 vitae
1368 161 1513 199 Canisii.

578 273 657 309 Oct.
688 275 741 309 15.

578 380 656 416 Oct.
685 381 740 415 22.

578 487 656 522 Oct.
684 487 740 521 28.

578 646 657 681 Oct.
684 646 740 681 29.

579 752 670 787 Nov.
701 754 730 787 1.

581 860 672 894 Nov.
700 860 732 894 2.

581 968 672 1003 Νον.
701 969 732 1003 5.

573 1075 664 1110 Nov.
695 1076 748 1110 11.

573 1182 607 1216 N
609 1194 664 1217 ov.
695 1182 747 1217 12.

573 1341 665 1376 Νον.
696 1342 749 1376 19.

487 1480 601 1524 Nov.
636 1480 745 1534 (20.,
786 1442 859 1523 ut3

567 1546 759 1598 videtur)

575 1626 666 1661 Nov.
694 1627 749 1661 21.

496 1733 587 1768 Νον.
614 1734 670 1768 20.
699 1733 744 1767 ad
769 1734 826 1768 26.

539 1787 596 1832 (ut
621 1787 781 1831 videtur)

576 1841 667 1875 Nov.
695 1840 751 1875 30.

507 1977 721 2016 Novembri
747 1977 813 2015 vel

562 2036 772 2074 Decembri

510 2168 613 2193 anno
644 2158 813 2193 exeunte

589 2468 675 2503 Dec.
702 2469 735 2504 3.

494 2629 589 2664 inter
601 2630 635 2664 4.
654 2630 691 2663 et
709 2629 740 2663 9.
755 2627 841 2662 Dec.

584 2735 668 2770 Dec.
699 2735 753 2770 10.

550 2789 644 2823 inter
673 2789 726 2823 11.
754 2790 790 2822 et

587 2843 641 2877 16.
668 2841 752 2876 Dec.

585 2895 670 2930 Dec.
700 2897 753 2930 17.

536 3001 621 3037 Dec.
650 3001 812 3037 18.-2Ο.

587 3055 673 3090 Dec.
699 3055 756 3090 21.

590 3160 674 3196 Dec.
702 3161 759 3196 24.

880 275 980 309 Dom.
1008 276 1120 311 XXII.
1151 280 1234 323 post
1261 278 1363 313 Pent.
1400 279 1531 315 ibidem
1563 282 1606 316 de
1633 282 1822 325 evangelio
1857 294 1899 317 ac
1934 283 1976 316 de

939 331 1161 374 praestantia
1180 333 1216 365 et
1233 331 1451 366 necessitate
1467 333 1628 378 decalogi
1641 346 1842 370 sermonem
1856 335 1975 370 habet.

854 380 855 417 ζ
881 381 980 416 Dom.
1008 383 1137 418 XXIII.
1165 387 1247 430 post
1273 385 1374 419 Pent.
1402 385 1532 420 ibidem
1559 387 1601 421 de
1632 388 1821 432 evangelio
1847 389 1917 423 diei
1943 391 1979 423 et

939 435 981 469 (le
1009 437 1246 481 possibilitate
1273 438 1435 482 decalogi
1461 439 1676 475 observandi
1702 441 1798 476 dicit.

879 488 986 523 Festo
1013 489 1072 524 SS.
1101 490 1255 526 Simonis
1291 494 1327 525 et
1357 491 1540 527 Thaddaei
1574 494 1814 538 apostolorum
1848 495 1977 529 ibidem

939 542 981 576 de
1017 544 1109 578 festo
1145 556 1186 580 ac
1223 545 1265 579 de
1301 545 1463 588 decalogi
1499 546 1714 581 observandi
1739 548 1978 592 possibilitate

939 607 980 629 ac
1007 597 1182 632 facilitate
1209 598 1306 632 dicit.

854 636 856 665 ²¹
879 647 980 683 Dom.
1008 649 1138 685 XXIV.
1166 654 1248 696 post
1272 652 1375 686 Pent.
1402 652 1533 686 ibidem
1560 653 1602 687 de
1633 653 1821 697 evangelio
1847 654 1917 688 diei
1943 658 1979 688 et

940 702 983 736 de
1009 703 1180 748 decalogo
1206 717 1407 739 sermonem
1431 705 1552 740 habet.

856 785 857 796 ,
880 755 986 790 Festo
1013 756 1179 792 Omnium
1208 757 1421 793 Sanctorum
1449 759 1582 793 ibidem
1609 759 1652 793 de
1687 759 1876 803 evangelio
1911 760 1979 794 diei

941 809 1036 844 dicit.

880 862 921 896 In
951 863 1316 905 „Commemoratione
1343 865 1500 899 omnium
1526 865 1684 900 fidelium
1708 865 1976 900 defunctorum

941 916 984 950 de
1010 917 1053 951 iis
1079 917 1247 952 iuvandis
1273 918 1404 952 ibidem
1432 919 1528 953 dicit.

856 968 982 1023 :Dom.
1011 970 1121 1004 XXV.
1149 974 1232 1016 post
1266 971 1368 1006 Pent.
1404 971 1536 1006 ibidem
1572 972 1615 1006 de
1650 972 1765 1006 altera
1801 971 1980 1016 evangelii

941 1023 1038 1057 illius
1065 1026 1168 1069 parte
1198 1024 1287 1067 (filia
1314 1024 1399 1059 lairi
1424 1024 1569 1069 sanata)
1598 1025 1695 1060 dicit.

857 1100 858 1106 ,
880 1075 987 1110 Festo
1014 1076 1048 1111 S.
1063 1077 1212 1111 Martini
1239 1078 1398 1123 episcopi
1424 1079 1652 1113 contionatur
1680 1078 1837 1123 (ibidem,
1864 1080 1904 1112 ut
1929 1078 1980 1112 vi-

942 1129 1077 1173 detur).

856 1157 858 1235 ⁴.
880 1182 982 1216 Dom.
1010 1183 1140 1218 XXVI.
1167 1186 1250 1228 post
1275 1184 1379 1218 Pent.
1406 1184 1537 1219 ibidem
1569 1196 1769 1219 sermonem
1803 1185 1913 1219 habet-
1938 1185 1981 1219 de

941 1236 1056 1270 altera
1092 1238 1196 1282 parte
1235 1237 1416 1280 evangelii
1441 1237 1648 1272 Dominicae
1683 1238 1846 1283 proxime
1884 1240 1981 1272 ante-

941 1290 1101 1324 cedentis
1129 1290 1188 1334 (de
1213 1290 1364 1324 muliere
1394 1290 1754 1335 „haemorrhoissa“).

857 1342 982 1399 ⁵Dom.
1010 1343 1158 1378 XXVII.
1194 1349 1278 1389 post
1302 1343 1404 1378 Pent.
1440 1344 1573 1379 ibidem
1608 1344 1651 1378 de
1685 1344 1874 1388 evangelio
1912 1343 1982 1378 diei

857 1402 859 1419 1

943 1397 1041 1431 dicit.

881 1478 1095 1523 Monacllii
1116 1481 1278 1535 primos
1300 1480 1415 1523 illius
1441 1481 1610 1535 collegii
1635 1481 1782 1524 Socios
1805 1481 1979 1536 excipit.

884 1626 1007 1672 (Festo
1033 1627 1342 1662 Praesentationis
1359 1627 1399 1662 B.
1417 1627 1465 1662 M.
1485 1626 1545 1671 V.)
1575 1627 1718 1661 eosdem
1744 1630 1982 1671 congregatos

942 1681 987 1715 ad
1012 1681 1154 1715 labores
1181 1681 1350 1715 alacriter
1375 1681 1625 1726 suscipiendos
1651 1680 1874 1715 exhortatur.

884 1734 973 1770 Cum
999 1735 1213 1769 consiliariis
1240 1735 1282 1769 de
1309 1734 1452 1778 collegii
1477 1734 1614 1776 reditu,
1641 1733 1775 1768 scholis
1801 1735 1868 1769 etc.
1895 1734 1983 1778 agit.

883 1842 990 1876 Festo
1009 1841 1042 1876 S.
1062 1842 1226 1876 Andreae
1245 1840 1399 1886 apostoli
1415 1839 1606 1887 Augustae
1632 1840 1668 1875 in
1693 1852 1832 1875 summo
1849 1840 1984 1886 templo

945 1895 988 1929 de
1014 1895 1204 1939 evangelio
1231 1895 1301 1929 diei
1327 1895 1424 1929 dicit.

887 1979 1063 2028 „Parrus
1109 1979 1356 2016 catechismus
1403 1974 1721 2027 Catlzolicorum“,
1767 1991 1791 2015 a
1831 1977 1987 2015 Canisio

945 2039 1188 2087 emendatus,
1226 2037 1464 2075 Vindobonae
1493 2050 1538 2075 ex
1565 2037 1815 2087 typoyraplcia
1844 2037 1987 2086 colleyii

945 2096 1142 2134 Societatis
1162 2098 1309 2146 prodit.

886 2155 1036 2193 camisii
1065 2153 1276 2206 „Summa“
1306 2156 1470 2193 Venetiis
1499 2156 1614 2193 latine
1643 2156 1781 2193 editur.

887 2214 1035 2252 Canisz'z‘
1054 2216 1299 2253 catechismus
1319 2217 1446 2252 minor
1465 2214 1652 2265 §sparvus
1666 2210 1987 2261 Catholicorunst)

946 2275 1177 2324 Antvmfflae
1207 2280 1240 2312 et
1269 2274 1442 2312 Coloniae
1471 2275 1586 2312 latine
1615 2275 1752 2312 editur.

886 2334 995 2372 Idem
1014 2335 1165 2384 Prafsae
1192 2335 1322 2382 latine,
1348 2335 1575 2384 yermcmessce,
1606 2334 1788 2371 bohemice
1815 2346 1840 2371 a
1868 2332 1988 2370 Sociis

949 2394 1145 2443 emclyatm·
1173 2392 1249 2441 [.9].

889 2469 991 2504 Dom.
1019 2470 1044 2504 Ι.
1072 2470 1262 2503 Adventus
1290 2467 1457 2502 Canisius
1482 2467 1518 2501 in
1544 2478 1683 2502 summo
1709 2465 1844 2511 templo
1878 2476 1989 2509 augu-

949 2524 1052 2556 stano
1079 2522 1121 2556 de
1147 2521 1284 2556 ratione
1311 2521 1404 2556 sacri
1430 2520 1527 2555 illius
1552 2519 1725 2566 temporis
1751 2521 1788 2554 et
1814 2519 1857 2553 de
1883 2529 1990 2553 evan-

949 2575 1044 2619 gelio
1071 2575 1141 2609 diei
1167 2575 1264 2609 dicit.

889 2629 1037 2663 Duabus
1064 2628 1287 2663 contionibus
1309 2627 1359 2671 (in
1385 2627 1520 2672 templo
1547 2626 1581 2661 S.
1599 2626 1744 2660 Ioannis
1755 2625 1789 2670 5³)
1819 2625 1862 2660 de
1888 2625 1990 2660 deca-

949 2682 1031 2726 logo
1058 2682 1258 2725 generatim
1286 2680 1444 2715 disserit.

890 2736 992 2770 Dom.
1020 2735 1063 2769 11.
1091 2735 1282 2769 Adventus
1308 2734 1351 2768 de
1378 2732 1566 2777 evangelio
1593 2732 1663 2766 diei
1690 2731 1786 2766 dicit.

890 2789 1040 2824 Duabus
1066 2788 1292 2823 contionibus
1319 2787 1362 2822 de
1387 2787 1496 2821 rebus
1522 2786 1567 2820 ad
1585 2785 1798 2830 decalogum
1815 2786 1914 2819 recte
1933 2783 1990 2818 ob-

952 2842 1170 2876 servandum
1197 2841 1413 2875 necessariis
1440 2839 1537 2874 dicit.

892 2895 994 2930 Dom.
1021 2895 1084 2930 III.
1110 2895 1299 2929 Adventus
1326 2894 1368 2928 de
1405 2893 1499 2927 sacri
1533 2892 1631 2926 illius
1656 2891 1828 2937 temporis
1854 2890 1991 2925 ratione

953 2952 990 2983 et
1015 2949 1058 2982 de
1085 2947 1275 2992 evangelio
1301 2946 1371 2982 diei
1397 2946 1493 2980 dicit.

893 3002 947 3037 De
974 3001 1145 3045 decalogo
1171 3012 1371 3035 sermonem
1397 2999 1517 3034 habet.

895 3055 1003 3090 Festo
1030 3055 1064 3089 S.
1090 3054 1248 3089 Thomae
1274 3053 1428 3099 apost-oli
1466 3051 1696 3096 evangelium
1723 3050 1792 3085 diei
1818 3050 1855 3084 in
1880 3048 1992 3083 eccle-

956 3108 1046 3142 siam
1072 3108 1221 3152 eiusque
1247 3107 1450 3141 desertores
1475 3118 1494 3140 e
1527 3106 1705 3149 suggestu
1736 3101 1993 3138 accommodat.

898 3161 1000 3196 Dom.
1027 3161 1088 3195 IV.
1115 3161 1304 3195 Adventus
1330 3160 1373 3195 de
1399 3158 1588 3203 evangelio
1614 3157 1684 3192 diei
1709 3156 1806 3191 dicit.
