2142 3455
230 187 291 215 xx
674 170 717 204 11.
753 170 977 204 Prooemium
1005 170 1196 205 voluminis
1223 171 1368 205 secundi
1398 171 1474 215 (IV,
1505 173 1550 213 1).

229 290 415 344 priores,
450 287 695 341 speciminis
728 287 956 328 exhibendi
990 287 1155 340 gratia,
1189 287 1385 339 integras
1417 302 1551 341 pono;
1586 291 1862 343 posteriores,
1897 291 1993 343 quia

230 354 446 406 longiores
479 356 581 395 sunt
614 355 658 395 ct
690 353 848 400 multa,
892 366 1002 405 quae
1036 352 1196 393 nullius
1228 352 1321 394 fere
1353 355 1454 394 sunt
1486 356 1714 406 momenti,
1758 356 1995 407 continent,

229 418 387 474 partim
420 417 462 459 in
498 419 725 471 „regesta“
764 416 985 459 contraho.

348 517 421 560 IV.
455 517 545 559 Iam
581 517 634 559 ad
668 531 755 558 res
786 516 942 570 ipsas
974 517 1150 571 propius
1184 517 1462 559 accedamus!

350 602 385 642 1.
429 599 585 653 Incipit
626 599 707 640 1100
748 599 950 640 volumen
993 599 1046 641 ab
1089 612 1138 640 eo
1181 602 1398 653 tempore,
1441 614 1524 652 quo
1567 600 1752 644 Sanctus
1783 602 1995 655 IgnatiUS‚

228 664 459 707 Societatis
492 665 588 705 Iesu
628 664 875 714 institutor,
918 667 1103 706 mortem
1136 664 1242 707 obiit
1274 664 1362 716 (31.
1396 664 1491 706 Iulii
1529 666 1682 718 1556),
1725 669 1770 708 et
1801 667 1996 709 Canisius

225 745 394 780 munus,
429 744 512 782 quo
536 729 734 782 Ignatius
756 730 885 783 paulo
909 732 1012 771 ante
1035 732 1218 772 mortem
1252 730 1309 783 (7.
1335 729 1443 771 Iunii
1472 731 1602 783 1556)
1626 744 1722 772 eum
1747 735 1994 783 ornaverat,

226 794 462 849 praepositi
494 794 772 849 provincialis
805 795 1037 836 Societatis
1069 795 1166 836 Iesu
1199 810 1277 849 per
1311 795 1586 837 Germaniam
1619 796 1886 850 superiorem
1918 799 1995 840 ad-

226 860 473 902 ministrare
518 861 672 914 coepit.
745 860 974 902 Provincia
1017 860 1092 902 illa
1137 861 1394 903 Germaniae
1436 861 1669 915 superioris
1713 864 1818 904 tunc
1864 862 1996 905 etiam

224 925 474 976 Austriam,
520 925 798 976 Boliemiam,
841 925 1138 979 Hungariam‚
1185 926 1363 967 Tirolim
1408 927 1779 980 complectebatur
1822 929 1867 969 et
1910 928 1997 970 tria

226 990 458 1033 Societatis
500 991 684 1044 collegia
724 991 934 1032 habebat:
977 991 1320 1041 vindobonense,
1364 1006 1401 1034 a.
1440 993 1549 1033 1551
1593 1006 1619 1034 a
1657 991 1930 1034 Ferdinando
1962 993 1995 1036 I.

225 1055 520 1098 Romanorum
542 1070 645 1109 rege
667 1056 927 1106 institutum,
962 1058 1007 1098 et
1027 1070 1244 1110 pragense
1271 1058 1403 1109 atque
1425 1057 1780 1109 ingolstadiense,
1815 1071 1995 1110 quorum

225 1123 456 1175 utrumque
479 1121 649 1163 Canisio
672 1121 851 1163 iuvante
883 1121 976 1175 ipso
1011 1135 1122 1162 anno
1150 1123 1275 1171 1556,
1309 1121 1427 1175 prius
1450 1123 1503 1164 ab
1534 1122 1682 1164 eodem
1706 1123 1993 1174 Ferdinando,

225 1186 411 1228 alterum
445 1187 498 1228 ab
532 1187 713 1229 Alberto
747 1187 798 1229 V.
833 1186 1049 1228 Bavariae
1082 1186 1200 1236 duce,
1235 1186 1484 1229 institutum
1517 1189 1624 1230 erat.
1673 1188 1765 1229 Iam
1798 1187 1834 1229 si
1866 1202 1936 1230 res
1969 1202 1994 1230 a

225 1251 361 1294 Sociis
393 1252 474 1293 hoc
505 1255 701 1306 tempore
743 1254 893 1304 gestas
936 1251 1274 1302 consideramus,
1319 1266 1392 1293 003
1433 1252 1647 1304 magnis
1688 1267 1801 1294 cum
1844 1253 1995 1295 diffi-

225 1317 540 1360 cultatibus
581 1320 625 1360 et
667 1316 861 1358 externis
904 1319 948 1359 et
991 1317 1238 1359 domesticis
1279 1317 1322 1359 in
1361 1331 1412 1359 ea
1444 1317 1620 1371 regione
1653 1319 1777 1360 sedes
1809 1319 1995 1371 figentes

225 1384 356 1435 atque
389 1385 600 1435 augentes
634 1382 862 1424 cernimus.
926 1382 1084 1424 Notius
1117 1385 1204 1432 est,
1239 1397 1368 1435 quam
1400 1386 1448 1426 ut
1480 1386 1750 1437 repetamus,
1784 1398 1867 1437 quo
1899 1384 1994 1426 1000

223 1448 387 1490 fuerint
418 1462 506 1490 res
538 1447 840 1501 religionis
872 1450 976 1490 tunc
997 1447 1041 1489 in
1065 1447 1298 1490 Germania
1314 1449 1342 1499 1,
1377 1451 1539 1501 quanto
1572 1463 1739 1490 morum
1769 1448 1993 1492 dissolutio

223 1513 356 1556 fuerit
387 1513 429 1555 in
462 1513 621 1568 populo
655 1516 699 1555 et
730 1513 774 1554 in
796 1513 889 1567 ipso
920 1514 1049 1563 clero,
1083 1516 1381 1568 protestantes
1405 1528 1534 1567 quam
1557 1514 1757 1564 audaces,
1792 1514 1994 1556 catholici

223 1579 440 1633 principes
482 1593 611 1632 quam
653 1578 851 1621 destituti
893 1578 1065 1620 auxiliis
1107 1581 1151 1620 et
1192 1578 1385 1633 pecuniis
1426 1579 1609 1630 fuerint,
1652 1593 1781 1633 quam
1812 1579 1938 1622 multi
1970 1594 1993 1622 e

224 1644 451 1686 nobilitate
482 1643 526 1685 in
558 1643 803 1686 barbariem
836 1644 1051 1697 quandam
1085 1644 1283 1687 abierint.

341 1710 463 1751 Haec
495 1723 549 1752 ex
581 1709 687 1764 ipsis
718 1709 785 1751 his
812 1709 972 1752 Canisii
1004 1709 1162 1752 litteris
1194 1709 1481 1752 illustrantur.
1527 1709 1685 1752 Scribit
1715 1709 1752 1752 is
1785 1710 1837 1752 de
1869 1710 1993 1753 theo-

224 1775 421 1828 logorum
454 1774 793 1829 protestantium
824 1775 1002 1817 summis
1035 1775 1236 1825 dissidiis,
1271 1775 1322 1817 de
1355 1774 1617 1829 principibus
1649 1775 1994 1829 protestantibus

222 1840 489 1882 monasteria
522 1840 887 1894 exspoliantibus,
931 1840 983 1882 de
1019 1840 1139 1883 vitiis
1170 1840 1214 1882 in
1246 1840 1593 1882 Lutheranorum
1625 1841 1754 1883 terris
1785 1840 1992 1894 vulgatis,

223 1905 276 1946 de
308 1905 408 1947 ludo
431 1905 628 1947 scaenico
650 1905 937 1958 Argentorati
968 1905 1010 1946 in
1035 1906 1194 1947 celebri
1217 1905 1290 1947 illo
1313 1905 1540 1959 gymnasio
1563 1906 1802 1948 sturmiano
1825 1920 1994 1948 summa

224 1984 321 2012 cum
352 1970 451 2012 fidei
484 1970 724 2013 catholicae
756 1970 954 2013 irrisione
987 1973 1084 2014 acto
1118 1971 1250 2023 (infra
1281 1985 1321 2025 p.
1348 1971 1451 2025 630)
1485 1973 1566 2014 ete.
1620 1971 1832 2014 Attamen
1862 1971 1993 2025 longe

223 2035 355 2078 etiam
388 2036 534 2087 abest,
576 2038 626 2078 ut
658 2035 853 2078 Canisius
894 2035 1205 2078 catholicorum
1247 2039 1429 2090 peccata
1470 2035 1730 2079 diffiteatur:
1779 2037 1853 2087 „In
1886 2037 1992 2079 Ger-

222 2100 366 2142 mania
397 2103 696 2155 protestantes
729 2101 953 2144 catholicis
976 2101 1273 2154 diligentiores
1295 2103 1434 2144 sunt.“
1496 2102 1836 2155 „Germanorum
1860 2101 1992 2143 animi

223 2179 250 2207 a
280 2180 461 2208 romana
493 2166 613 2209 curia
645 2166 828 2209 aversi.“
896 2167 1155 2209 Sacerdotes
1187 2166 1408 2209 ministros
1449 2169 1746 2222 protestantes
1783 2170 1993 2221 superant

223 2232 423 2285 crapula,
466 2232 762 2283 immunditia,
807 2232 1057 2286 cupiditate.
1129 2232 1301 2282 „Clerus
1334 2246 1419 2274 non
1451 2232 1546 2275 vult
1578 2246 1680 2274 vere
1718 2232 1990 2275 reformari“.

222 2296 427 2351 Episcopi
458 2297 502 2339 in
534 2297 831 2352 septentrione
854 2312 974 2352 spem
996 2297 1319 2340 reformationis
1341 2297 1589 2339 efficiendae
1612 2297 1703 2339 fere
1726 2297 1989 2341 abiecerunt.

223 2362 392 2404 Desunt
415 2362 749 2405 contionatores.
798 2362 1002 2417 Episcopi
1027 2362 1370 2416 „dissimulant“.
1416 2363 1556 2405 Multa
1577 2362 1844 2405 monasteria
1869 2377 1992 2405 mon-

223 2427 343 2468 achis
385 2427 596 2470 destituta
636 2430 750 2471 sunt.
815 2427 946 2470 Pauci
984 2427 1274 2470 sacerdotium
1307 2427 1558 2482 suscipiunt.
1621 2427 1830 2471 Iuventus
1863 2441 1993 2483 saepe

223 2492 454 2534 admodum
476 2494 589 2535 male
612 2493 834 2535 educatur.
882 2492 1211 2543 Adulescentes,
1246 2493 1317 2546 qui
1342 2493 1569 2546 collegium
1597 2493 1894 2546 germanicum
1925 2494 1991 2535 in-

223 2556 346 2610 gredi
378 2557 555 2611 eiusque
589 2558 709 2611 leges
750 2559 984 2600 observare
1024 2558 1168 2613 parati
1200 2558 1309 2609 sint,
1352 2558 1522 2600 difficile
1563 2560 1631 2600 est
1670 2558 1878 2602 invenire.
1941 2558 1991 2600 In

224 2622 476 2676 episcopatu
507 2626 752 2676 augustano
787 2623 982 2678 „infinita
1014 2624 1263 2674 scandala“,
1302 2624 1467 2675 „clerus
1499 2623 1747 2667 deformis“.
1803 2624 1854 2666 In
1885 2625 1991 2667 urbe

224 2689 470 2740 augustana
500 2688 627 2730 multi
659 2688 711 2730 de
743 2689 872 2731 rebus
904 2688 1040 2731 sacris
1065 2691 1230 2731 temere
1252 2688 1457 2739 iudicant,
1491 2702 1571 2730 nec
1604 2689 1695 2730 dies
1726 2689 1878 2740 festos,
1911 2703 1990 2732 nec

223 2752 387 2806 templa
418 2756 697 2805 reverentur,
742 2768 828 2796 11011
860 2753 1072 2805 ieiunant,
1115 2754 1382 2797 fenerantur.
1446 2753 1636 2796 Bavaria
1666 2754 1711 2796 in
1741 2757 1990 2809 protestan-

223 2816 396 2858 tismum
439 2817 537 2861 ruit.
601 2818 876 2861 Monachium
914 2819 1175 2862 Lutheranis
1216 2819 1422 2861 abundat.
1485 2819 1535 2860 In
1567 2819 1809 2862 Franconia
1849 2820 1990 2862 clerus

346 2951 355 2970 ¹
382 2951 516 2985 Notatu
542 2954 639 2987 certe
666 2952 774 2996 digna
799 2953 884 2986 sunt
911 2951 1144 2996 (quamquam
1162 2951 1353 2986 veritatem
1371 2951 1531 2986 nonnihil
1550 2951 1798 2996 egrediuntur)
1818 2962 1871 2992 ea,
1897 2961 1989 2995 quae

223 3003 426 3038 Friderious
453 3004 630 3047 Badoero,
666 3004 886 3040 Venetorum
912 3006 1049 3046 orator,
1086 3005 1129 3039 de
1155 3005 1350 3040 Germania
1376 3025 1419 3030 -
1446 3004 1604 3049 loquitur
1637 3005 1680 3039 de
1706 3016 1799 3039 anno
1827 3003 1916 3038 1557
1943 3023 1988 3028 ——

225 3056 269 3090 ad
295 3057 512 3101 reipublicae
538 3070 624 3092 suae
650 3061 815 3093 senatum
850 3058 981 3093 refert:
1023 3058 1143 3101 „Delle
1179 3058 1270 3093 dieci
1303 3057 1398 3103 parti
1432 3057 1527 3092 della
1561 3057 1791 3103 popolazione
1823 3057 1857 3091 10
1891 3058 1986 3091 sette

223 3121 310 3144 sono
336 3110 388 3144 de'
408 3110 580 3152 luterani,
607 3111 675 3146 due
701 3111 782 3146 dell'
801 3111 892 3146 altre
918 3111 1083 3157 opinioni,
1110 3124 1129 3146 e
1154 3123 1226 3146 una
1252 3112 1305 3146 de’
1324 3111 1500 3146 cattolici“
1534 3111 1639 3155 (Euy.
1666 3111 1808 3154 Αῑὺὲνὶ,
1843 3109 1893 3145 Le
1919 3110 1986 3144 Re-

222 3163 352 3197 lazioni
378 3163 475 3207 degli
501 3164 764 3199 Ambasciatori
789 3164 921 3200 Veneti
946 3165 982 3199 al
1008 3164 1151 3200 Senato.
1179 3165 1276 3200 Serie
1294 3165 1332 3207 1.,
1358 3164 1438 3200 Vol.
1457 3165 1478 3200 3
1505 3163 1804 3209 [Firenze1853],
1830 3175 1863 3208 p.
1886 3162 1982 3207 182).
