2142 3455
229 204 373 232 XXXIV

301 517 402 555 1558

292 670 403 711 1558

293 865 406 906 1558

300 945 390 980 1558

295 1084 405 1124 1558

301 1229 392 1264 1558

292 1367 406 1407 1558

293 1496 405 1536 1558

300 1707 402 1745 1558

295 1914 406 1956 1558

301 2060 392 2096 1558

296 2251 406 2293 1558

297 2448 407 2489 1558

303 2595 404 2633 1558

297 2743 407 2784 1558

306 2954 406 2990 1558

305 3086 396 3122 1558

689 188 750 223 111.
786 188 946 222 Tabulae
973 188 1247 232 chronologicae
1274 190 1371 224 vitae
1399 190 1543 226 Canisii.

553 520 624 556 sub
654 518 737 555 Ian.
768 518 803 555 6.

578 665 780 708 Ianuario

581 862 671 905 Ian.
711 863 776 904 17.

507 943 672 978 Ianuario
699 943 751 986 (et-
769 942 852 977 Dec.
876 942 877 967 ἶ

629 996 734 1040 1557)

522 1079 723 1122 Ianuario
758 1093 834 1121 ex-

617 1147 746 1187 eunte

488 1245 489 1253 1
507 1227 672 1261 Ianuario
700 1227 854 1259 exeunte
876 1219 877 1227 ¹

520 1364 610 1406 Ian.
647 1364 715 1405 29.
752 1362 840 1415 (vel

536 1428 665 1483 paulo
699 1427 819 1480 ante)

488 1490 631 1536 'Febr
649 1493 849 1535 12.—-15.
874 1545 876 1554 Ι

573 1706 786 1744 Februario

506 1914 630 1957 Febr.
666 1913 769 1968 (24.‚
804 1916 852 1956 ut

581 1979 772 2033 videtur)

536 2061 636 2096 Febr.
664 2060 828 2096 ‘za—28.

519 2253 643 2295 Febr.
680 2253 748 2295 28.
782 2276 839 2280 ——

579 2317 708 2360 Mart.
745 2318 782 2359 7.

519 2448 649 2491 Mart.
685 2447 758 2502 (9.‚
794 2450 841 2490 ut

584 2513 654 2555 vid
661 2511 775 2565 etur)

606 2593 750 2632 Martio

508 2742 600 2783 fere
621 2755 646 2783 a
664 2741 793 2783 Mart.
815 2742 853 2782 9.

533 2807 587 2849 ad
621 2806 725 2861 Apr.
764 2806 829 2847 19.

511 2952 691 3000 (Martio,
731 2956 773 2990 ut
801 2952 855 2990 vi-

620 3012 748 3059 detur)

511 3087 617 3121 Mart.
637 3087 692 3121 25.
723 3086 778 3131 (ut
804 3086 854 3120 vi-

622 3139 740 3183 detur)

959 304 1182 349 Brisacum
1221 320 1349 348 curru
1381 307 1554 350 vehitur
1585 307 1849 363 Friburgum
1880 307 1996 350 Bris-

957 370 1128 425 goviae‚
1162 371 1398 414 catholicos
1420 371 1463 413 in
1484 372 1537 413 iis
1559 373 1735 415 urbibus
1768 374 1996 416 consolans

960 438 1004 478 et
1036 436 1248 479 excitans.

875 522 877 581 j
900 517 1079 555 Smnmav
1107 520 1326 555 canis-sanae
1348 519 1607 567 compendium.
1628 520 1831 557 coloniense
1861 520 1994 557 ibidem

961 579 1098 614 iterum
1121 578 1270 627 prelum
1300 578 1409 615 subit.

900 664 1100 717 Friburgi
1125 662 1386 707 Glareanum
1410 664 1605 707 Canisius
1628 665 1805 709 salutat.
1840 665 1919 716 Qui
1942 666 1996 707 ab

959 730 1246 773 universitate
1278 730 1517 773 honoratur
1546 733 1590 772 et
1611 730 1818 773 mandata
1840 730 1998 785 accipit

960 795 1015 838 ad
1048 796 1364 837 Ferdinandum
1397 809 1558 849 regem.

875 860 1189 920 jArgentorati
1229 861 1272 902 in
1314 875 1480 903 summo
1513 861 1675 914 templo
1709 859 1996 903 contionatur.

901 942 955 976 Ad
990 941 1163 976 moniales
1198 942 1405 975 monasterii
1441 941 1656 975 dominicani
1689 940 1747 974 SS.
1775 940 1998 983 Margaritae

961 998 997 1030 et
1023 995 1176 1038 Agnetis
1202 1006 1386 1029 sermones
1412 1006 1532 1029 sacros
1558 994 1677 1028 habet.

876 1079 985 1140 {Per
1017 1077 1403 1133 Wurtembergam
1436 1077 1672 1120 revertitur
1704 1075 1937 1131 Dilingam.

900 1223 1068 1268 Dilingae
1088 1222 1280 1257 cardinalis
1299 1222 1384 1257 Otto
1402 1222 1602 1257 Truchsess
1621 1222 1696 1256 eius
1715 1222 1824 1267 pedes
1840 1222 1941 1256 lavat
1962 1224 1999 1256 et

961 1277 1131 1312 Societati
1157 1276 1407 1311 universitatis
1433 1287 1519 1310 suae
1546 1275 1839 1319 gubernationem
1867 1276 1981 1309 offert.

900 1361 1096 1404 Canisius
1127 1357 1447 1414 Ingolstadium
1480 1358 1613 1401 venit.

900 1490 1233 1546 Norimbergam
1255 1489 1377 1532 venit
1409 1489 1463 1531 ad
1487 1485 1805 1531 Ferdinandum
1828 1502 1996 1542 regem;

961 1557 1029 1611 qui
1091 1555 1407 1607 „secretissima
1463 1557 1563 1597 sua“
1623 1569 1719 1596 cum
1775 1568 1825 1596 eo
1882 1567 1998 1595 com-

959 1622 1164 1665 municat.

901 1706 1080 1744 Canisius
1104 1704 1406 1752 Confutationem
1426 1704 1579 1740 Bremia
1606 1703 1652 1739 ab
1673 1702 1789 1740 Hosio
1818 1703 1999 1751 scriptam

962 1767 1000 1803 inv
1029 1765 1144 1802 libros
1174 1769 1205 1801 et
1234 1765 1359 1813 capita
1394 1764 1570 1812 dispertit
1600 1775 1643 1799 ac
1664 1762 1907 1811 praefatione
1936 1766 1999 1799 ete.

958 1829 1079 1874 (tityet.

901 1913 968 1955 Ab
1010 1912 1191 1954 Alberto
1226 1911 1277 1953 V.
1321 1909 1556 1952 arcessitus
1589 1907 1858 1951 Monachium
1898 1921 2000 1962 pro-

960 1977 1179 2019 ficiscitur.

902 2059 933 2093 A
961 2059 1050 2093 duce
1077 2059 1258 2098 exoratur,
1285 2058 1326 2090 ut
1352 2055 1606 2099 Straubingam
1641 2054 1852 2088 ministeriis
1887 2053 2002 2088 sacris

962 2112 1134 2146 adiuvare
1160 2112 1309 2145 statuat.
1360 2109 1413 2143 De
1439 2108 1602 2152 collegiis
1627 2107 1852 2147 monacensi,
1888 2106 2001 2150 ingol-

962 2164 1146 2206 stadiensi,
1173 2164 1366 2208 georgiano
1394 2174 1475 2197 cum
1501 2161 1715 2196 consiliariis
1741 2161 1827 2204 agit.

902 2246 1223 2305 Ingolstadium
1275 2245 1412 2297 redit;
1466 2246 1595 2300 paulo
1647 2247 1747 2299 post
1797 2242 2001 2298 Dilingae

962 2313 1112 2369 paucis
1157 2312 1307 2354 diebus
1352 2325 1447 2353 cum
1493 2309 1701 2353 cardinali
1744 2309 1905 2352 Ottone
1949 2308 2003 2350 de

964 2378 1147 2432 collegio
1181 2376 1401 2420 condendo
1435 2376 1540 2430 agit.

906 2443 1219 2498 Straubingam
1252 2441 1442 2484 advenit.

904 2592 1091 2629 Libellum
1129 2603 1242 2627 suum
1273 2590 1387 2639 „Vom
1416 2588 1617 2626 Absclzztedt
1649 2587 1713 2624 des
1743 2586 1926 2635 Colloquii
1953 2598 2001 2623 eea

964 2650 1134 2688 lVormbs
1163 2645 1383 2686 MDLVIff‘
1414 2647 1568 2697 eviclyat.

905 2738 1101 2780 Canisius
1123 2737 1272 2778 urbem
1299 2734 1675 2787 straubingensem
1710 2732 1844 2775 sacris
1876 2732 2002 2774 mini-

964 2802 1108 2845 steriis
1132 2800 1305 2844 excolit.
1355 2800 1439 2842 Ter
1461 2801 1671 2852 quaterve
1695 2798 1875 2851 singulis
1896 2797 2003 2839 heb-

964 2867 1158 2910 domadis
1190 2865 1478 2909 contionatur.

904 2950 1050 2988 Cani-sii
1097 2951 1343 2988 catechismus
1397 2950 1579 2986 minimus
1625 2949 1746 2985 denuo
1789 2946 2004 2995 sym-maniae

964 3010 1091 3047 editur
1120 3009 1308 3059 Dilinyae.

903 3085 1010 3119 Festo
1037 3083 1329 3118 Annuntiationis
1356 3082 1395 3117 Β.
1422 3083 1471 3117 Μ.
1498 3081 1540 3117 V.
1569 3081 1734 3117 Canisius
1762 3080 2001 3122 Straubingae

963 3138 1005 3172 de
1032 3137 1219 3182 evangelio
1246 3136 1326 3179 diei,
1353 3135 1528 3180 dignitate
1555 3135 1594 3170 B.
1621 3135 1670 3169 M.
1696 3133 1751 3175 V„
1778 3133 2002 3179 praestantia

962 3190 1190 3225 salutationis
1217 3189 1449 3233 evangelicae
1476 3188 1572 3223 dicit.
