2142 3455
729 191 941 226 Vindobona
966 190 998 225 5.
1026 189 1192 226 Octobris
1220 190 1320 225 1558.
1824 193 1906 233 317

261 307 301 341 In
328 307 405 352 ipso
432 304 639 352 apographo
666 308 798 348 nostro,
825 305 986 350 proxime
1011 306 1095 339 ante
1121 303 1187 338 lias
1207 304 1350 338 litteras
1368 314 1567 345 caesareas,
1596 303 1755 339 eiusdem
1774 305 1909 340 librarii

142 371 250 394 manu
275 361 450 405 scriptum
476 361 550 394 est:
582 358 786 401 „Articulus
812 371 858 393 cx
883 369 976 393 noua
1001 357 1257 393 reformatione
1284 357 1327 391 de
1352 357 1616 402 professoribus
1642 358 1855 404 recipiendis
1873 361 1911 393 et

142 413 384 457 admittendis.
435 412 472 447 Si
507 412 588 456 quis
624 414 744 446 autem
781 412 1025 456 cuiuscunque
1060 411 1248 446 facultatis
1283 410 1327 445 ab
1363 412 1514 445 externa
1539 411 1734 446 Academia
1760 413 1804 446 ad
1842 412 1910 447 hoc

140 468 302 501 nostrum
330 465 672 511 Archigymnasium
698 464 815 498 Vienn
836 479 842 499 ι
863 465 1012 499 veniens
1039 465 1159 509 legere
1185 476 1250 498 seu
1275 464 1475 509 practicare
1504 464 1610 506 velit,
1637 465 1844 500 ordinamus
1869 468 1911 500 vt

141 519 173 554 is
198 531 347 554 necesse
373 519 506 554 habeat
530 517 738 553 testimonia
764 518 898 561 gradus
924 518 977 552 sui
1006 530 1051 552 ex
1078 518 1275 563 approbato
1302 517 1461 561 generali
1489 517 1610 562 aliquo
1636 518 1754 553 studio
1793 521 1910 553 osten-

141 572 235 614 dere,
263 574 299 607 et
324 573 523 607 membrum
549 571 655 606 huius
679 570 939 605 Vniuersitatis
965 573 1110 606 nostrae
1137 582 1179 605 ac
1204 570 1392 606 facultatis
1418 582 1504 605 suae
1530 570 1626 613 fieri,
1662 574 1699 605 et
1724 584 1786 616 pro
1812 583 1910 607 more

140 628 303 671 repetere
328 637 394 660 seu
419 625 623 670 disputare,
660 624 820 668 adeoque
854 626 991 658 certum
1025 636 1112 659 suae
1148 624 1359 659 eruditionis
1393 624 1575 669 specimen
1609 625 1733 667 edere,
1772 637 1909 660 necnon

141 679 281 723 legibus
307 678 567 713 Vniuersitatis
594 680 630 713 et
655 677 842 712 facultatis
869 688 955 711 suae
991 689 1116 722 parere
1152 689 1194 712 ac
1229 689 1352 712 omnes
1386 677 1546 720 labores,
1582 678 1696 712 offitia
1731 681 1768 713 et
1802 690 1910 713 onera

142 732 288 777 perinde
314 734 355 766 vt
381 731 468 777 alij³
491 732 534 766 de
560 731 737 766 facultate
763 741 829 765 sua
855 730 951 764 obire
979 733 1013 764 et
1040 732 1231 775 perfer1·e.“

260 785 363 820 Hanc
389 786 500 829 igitur
525 785 643 828 legem
670 783 916 818 Ferdinandus
944 784 979 817 in
1006 784 1188 818 Sociorum
1214 784 1369 828 gratiam
1395 784 1488 818 binis
1514 785 1732 829 temperavit
1757 784 1909 819 litteris:

263 839 292 873 1.
319 839 552 873 Vindobonae
570 838 626 873 26.
647 837 812 872 Octobris
834 837 924 871 1558
943 837 1097 882 diploma
1115 837 1286 882 signavit,
1305 837 1342 871 in
1360 848 1428 881 quo
1446 837 1537 872 haec
1555 838 1682 873 edicit:
1710 838 1909 882 Collegium

140 892 407 927 vindobonense
434 891 625 927 Societatis
652 891 733 925 lesu
759 890 901 925 litteras
927 890 1060 925 Romae
1090 891 1142 925 12.
1170 890 1327 935 Augusti
1356 891 1446 925 1558
1472 891 1576 924 datas
1602 891 1669 926 sibi
1705 891 1910 926 exhibuisse

145 946 412 991 „approbandas
439 947 475 979 et
501 944 797 985 confirmandas“,
824 943 954 988 quibus
980 944 1131 979 Iacobus
1158 944 1314 986 Lainius,
1342 942 1532 978 Societatis
1558 944 1784 989 praepositus
1804 956 1910 988 gene-

139 998 246 1040 ralis,
281 999 370 1034 haec
405 998 708 1033 testificaretur¹:
746 997 882 1032 Julium
908 997 970 1031 III.
1006 1009 1069 1042 per
1104 998 1246 1032 litteras
1281 996 1499 1042 apostolicas
1526 996 1697 1032 Societati
1723 997 1804 1032 Iesu
1831 1009 1911 1032 con-

139 1052 304 1094 cessisse,
331 1054 371 1086 ut
397 1052 474 1086 eius
499 1051 707 1086 scholastici
739 1053 863 1094 „extra
888 1050 1145 1085 uniuersitates
1173 1051 1392 1085 existentes“
1422 1052 1505 1095 post
1530 1050 1732 1094 rigorosum
1759 1062 1910 1085 examen

139 1117 160 1139 a
185 1105 389 1151 praeposito
415 1105 596 1149 generali,
632 1105 693 1139 vel
719 1104 788 1139 alio
815 1104 858 1139 de
884 1104 960 1138 eius
986 1104 1149 1145 licentia
1188 1104 1359 1139 adhibitis
1394 1103 1502 1138 etiam
1538 1103 1619 1138 aliis
1645 1104 1849 1139 doctoribus
1876 1106 1912 1138 et

140 1158 336 1202 magistris,
363 1159 408 1193 ad
434 1170 557 1194 omnes
583 1159 717 1202 gradus
735 1158 971 1197 academicos,
999 1158 1107 1192 etiam
1134 1158 1351 1200 doctoratus,
1377 1157 1590 1203 promoveri,
1616 1157 1740 1202 sicque
1758 1158 1911 1203 promoti

140 1211 303 1247 onmibus
321 1212 564 1257 quarumlibet
582 1212 846 1247 academiarum
864 1211 1066 1257 privilegiis
1084 1211 1190 1256 potiri
1210 1214 1357 1257 possent
1371 1212 1402 1252 2;
1421 1222 1463 1245 ac
1480 1212 1668 1256 praeterea
1682 1211 1835 1246 Paulum
1848 1211 1909 1246 IV.

140 1265 381 1307 concessisse,
416 1267 457 1300 ut
481 1277 552 1300 non
577 1265 694 1300 solum
720 1265 782 1310 qui
808 1265 851 1299 de
878 1264 1058 1299 Societate
1084 1265 1161 1309 ipsa
1193 1266 1332 1307 essent,
1368 1264 1431 1299 sed
1466 1264 1576 1299 etiam
1611 1265 1754 1299 externi
1780 1264 1910 1309 quivis,

137 1319 281 1354 scholas
307 1319 451 1363 collegii
475 1319 614 1353 romani
640 1318 784 1354 assidue
809 1318 1003 1359 adeuntes,
1036 1321 1117 1363 post
1142 1318 1343 1362 rigorosum
1370 1329 1522 1352 examen
1549 1317 1712 1352 omnibus
1738 1318 1911 1362 gradibus

138 1372 354 1407 academicis
371 1372 490 1407 ornari
507 1374 655 1418 possent
670 1374 692 1407 ³.
721 1371 883 1407 Scribere
901 1371 1024 1416 itaque
1042 1371 1226 1406 Lainium:
1255 1370 1356 1413 ,Cum
1383 1382 1490 1416 quam
1507 1371 1629 1416 plures
1647 1372 1779 1406 fratres
1797 1372 1912 1406 nostri

139 1426 174 1460 in
200 1426 421 1471 prouinciam
441 1425 656 1460 Germaniae
681 1426 783 1460 missi
808 1437 894 1460 suae
920 1425 1154 1470 promotionis
1181 1425 1225 1459 ad
1245 1425 1401 1459 Gradum
1420 1424 1639 1459 Doctoratus
1666 1425 1912 1460 testimonium

139 1479 313 1524 scriptum
339 1491 409 1514 non
435 1479 604 1520 tulerint,
640 1479 723 1524 quia
749 1481 871 1513 tamen
897 1478 1082 1522 diligenti,
1118 1480 1153 1512 et
1179 1478 1346 1512 diuturno
1373 1478 1510 1520 studio,
1550 1481 1586 1512 et
1621 1478 1785 1512 examine
1810 1489 1912 1523 prae-

139 1532 305 1574 cedente,
342 1544 423 1567 cum
457 1532 584 1567 ultimo
616 1544 679 1578 per
705 1534 780 1567 tres
806 1532 882 1567 dies
908 1532 1096 1566 continuos
1122 1531 1257 1575 singuli
1282 1531 1479 1577 positiones
1505 1531 1742 1575 Theologicas
1768 1531 1911 1576 publice

137 1584 378 1627 sustinentes,
414 1586 514 1630 digni
548 1586 673 1621 laurea
698 1586 934 1627 Doctoratus,
970 1587 1006 1620 et
1040 1585 1084 1619 ad
1120 1585 1352 1629 Theologiam
1388 1586 1585 1623 docendam
1620 1585 1737 1620 idonei
1775 1585 1910 1636 inuenti

137 1637 311 1680 fuissent,
346 1639 399 1674 sic
425 1639 569 1674 demum
595 1640 640 1674 ad
666 1639 761 1674 hunc
786 1639 938 1684 gradum
963 1639 1182 1673 Doctoratus
1209 1641 1293 1673 sunt
1318 1638 1491 1684 promoti,
1530 1639 1647 1673 visum
1674 1641 1730 1673 est
1755 1650 1819 1684 per
1844 1638 1910 1672 has

137 1691 263 1726 literas
288 1692 490 1736 testificari,
516 1693 610 1738 quod
628 1693 763 1728 Romae
790 1693 934 1738 quidem
951 1691 1085 1727 Doctor
1101 1691 1272 1727 Nicolaus
1291 1692 1460 1738 Lanoyus
1482 1692 1665 1738 professor
1682 1691 1909 1734 Viennensis,

138 1744 271 1780 Doctor
296 1746 500 1781 Hermanus
525 1746 753 1781 Nouesianus
779 1746 961 1792 professor
986 1746 1297 1790 Ingolstadiensis,
1323 1746 1457 1780 Doctor
1483 1746 1660 1780 Henricus
1685 1745 1911 1791 Blyssemius

140 1798 321 1844 professor
345 1799 562 1844 Pragensis,
597 1800 730 1835 Doctor
755 1800 932 1834 Iohannes
967 1800 1010 1834 de
1035 1799 1217 1842 Victoria,
1252 1799 1387 1834 Doctor
1420 1799 1556 1834 Paulus
1582 1798 1739 1840 Offeusb,
1777 1799 1911 1834 Doctor

138 1851 382 1888 Theodoricus
407 1853 560 1889 Gerardi
586 1853 906 1896 Amstelredamus,
932 1853 1065 1888 Doctor
1090 1852 1305 1888 Lambertus
1330 1852 1439 1895 Auer,
1465 1864 1508 1888 ac
1533 1852 1666 1887 Doctor
1684 1852 1911 1887 Christianus

138 1904 284 1947 Riuius,
320 1907 502 1942 Bononiae
535 1919 621 1942 uero
655 1907 765 1942 simili
800 1907 918 1942 studio
955 1909 991 1941 et
1025 1907 1291 1941 examinatione
1325 1906 1582 1952 praecedente,
1620 1906 1754 1941 Doctor
1779 1905 1910 1940 Petrus

139 1957 306 1994 Canisius
331 1960 565 2006 Praepositus
591 1960 830 1995 Prouincialis
864 1960 1049 1996 societatis
1083 1962 1228 1995 nostrae
1263 1960 1299 1994 in
1326 1959 1537 2002 Germania,
1573 1959 1705 1994 Doctor
1739 1959 1910 1994 Nicolaus

139 2011 354 2055 Gaudanus,
393 2025 435 2049 ac
459 2014 593 2049 Doctor
618 2013 861 2048 Theodoricus
887 2013 1053 2049 Canisius
1078 2014 1302 2059 professores
1327 2013 1552 2048 Viennenses
1580 2013 1754 2047 Lauream
1781 2013 1909 2047 Docto-

138 2067 240 2100 ratus
264 2066 302 2100 in
327 2077 452 2102 sacrae
478 2067 697 2112 Theologiae
723 2067 899 2102 facultate
925 2067 1161 2113 susceperint,
1187 2069 1331 2112 praeter
1356 2078 1446 2112 quos
1472 2067 1581 2101 etiam
1600 2066 1733 2101 Doctor
1751 2066 1910 2101 Joannes

140 2118 360 2155 Couillonius
386 2121 569 2166 professor
594 2120 893 2166 Ingolstadiensis
919 2121 956 2155 in
981 2120 1229 2155 Vniuersitate
1249 2120 1443 2155 Gandiensi
1470 2120 1507 2154 in
1524 2120 1700 2165 Hispania
1725 2121 1910 2165 promotus

139 2174 216 2208 est.‘
250 2173 299 2208 Iis
324 2176 446 2209 autem
471 2175 636 2210 omnibus
662 2186 773 2209 unum
798 2174 870 2209 iam
896 2175 1105 2209 doctoratus
1130 2174 1377 2209 testimonium
1404 2173 1521 2212 scribi.
1548 2173 1654 2218 idque
1680 2185 1791 2219 penes
1808 2184 1910 2218 prae-

138 2225 293 2270 positum
320 2239 443 2262 eorum
467 2228 725 2274 provincialem
751 2227 980 2263 servandum.
1027 2227 1080 2263 Ea
1105 2227 1218 2272 igitur
1245 2239 1266 2262 a
1293 2227 1416 2261 Lainio
1443 2227 1570 2269 scribi,
1607 2238 1740 2272 easque
1767 2226 1909 2261 litteras

138 2290 160 2313 a
185 2290 224 2314 se
250 2292 397 2326 prorsus
429 2281 662 2324 „confirmari,
689 2281 889 2327 approbari,
916 2281 1157 2316 corroborari“
1181 2282 1217 2315 et
1234 2280 1367 2325 ubique
1384 2280 1543 2315 locorum
1562 2280 1684 2315 valere
1701 2280 1910 2326 pronuntiat

139 2332 395 2376 Ferdinandus,
422 2335 668 2381 praecipiens,
695 2337 736 2370 ut
761 2335 806 2370 ab
833 2335 997 2370 omnibus
1023 2334 1163 2379 imperii
1189 2334 1326 2368 romani
1352 2333 1555 2368 hominibus
1582 2333 1840 2369 ecclesiasticis
1867 2345 1910 2368 ac

139 2387 384 2423 saecularibus
418 2389 674 2431 observentur,
713 2388 820 2423 aliter
853 2388 1107 2432 gravissimam
1142 2387 1425 2430 indignationem
1461 2399 1564 2422 suam
1599 2399 1641 2423 ac
1675 2399 1810 2433 poenas
1844 2399 1909 2422 suo

138 2440 286 2476 arbitrio
321 2441 536 2486 infligendas
570 2443 769 2477 incursuris
807 2442 879 2485 (Ex
914 2441 1149 2487 *apographo
1187 2441 1299 2475 totius
1340 2440 1548 2486 diplomatis
1582 2442 1705 2476 eodem
1749 2444 1909 2486 tempore

138 2494 283 2541 scripto,
310 2496 404 2541 quod
431 2498 486 2531 est
503 2496 736 2531 Vindobonae
762 2496 799 2530 in
825 2495 972 2530 archivo
997 2495 1123 2536 aulico,
1150 2494 1670 2538 Reichsregistratur-Biicher‚
1700 2495 1776 2530 cod.
1808 2495 1909 2538 „Fer-

139 2548 270 2583 dinand
295 2549 322 2584 I.
351 2549 596 2585 1557—1564.
622 2561 657 2584 n.
682 2550 758 2584 12.“
788 2549 813 2584 f.
832 2548 1018 2584 46b—47b.
1052 2547 1218 2582 Alterum
1245 2547 1403 2582 eiusdem
1429 2547 1635 2593 diplomatis
1661 2547 1908 2594 apographum

139 2602 263 2636 eodem
288 2605 449 2648 tempore
475 2603 650 2649 scriptum
676 2604 799 2637 exstat
816 2601 996 2637 Monachii
1023 2601 1059 2635 in
1086 2600 1232 2635 archivo
1258 2601 1361 2645 regni
1385 2601 1558 2643 bavarici,
1586 2601 1761 2637 Jesuitica
1787 2601 1823 2635 in
1849 2612 1910 2645 ge-

138 2667 234 2698 nere,
260 2655 362 2692 Fasc.
389 2657 425 2699 I,
451 2669 485 2692 n.
513 2657 553 2700 3,
579 2658 604 2691 f.
631 2656 767 2691 2b—3a.
819 2655 958 2690 Harum
992 2654 1197 2689 litterarum
1231 2665 1316 2700 pars
1352 2657 1473 2690 exstat
1499 2656 1593 2701 apud
1620 2656 1913 2698 Ham-Seleucus

138 2709 161 2744 l.
189 2721 218 2744 c.
245 2710 272 2751 I,
299 2709 405 2754 30¹¹).

259 2844 271 2857 ⁴¹
295 2838 376 2884 alijs
402 2850 524 2883 apoyr.
671 2838 685 2856 '¹
709 2840 792 2881 δίψῃ·
817 2838 1039 2872 scrihemlum
1067 2842 1164 2871 erat:
1188 2836 1371 2873 Hoffaeus.

263 2972 272 2992 ¹
299 2972 414 3006 Lainii
438 2972 583 3007 litterae
608 2972 644 3006 in
670 2972 886 3007 Ferdinandi
913 2971 1069 3017 diploma
1094 2972 1139 3006 ad
1165 2972 1317 3007 verbum
1341 2973 1582 3017 transcriptae
1608 2973 1703 3006 sunt.

261 3025 275 3045 ²
300 3024 378 3060 Hae
404 3025 484 3060 Iulii
510 3025 571 3060 ΙΙΙ.
598 3025 761 3067 litterae,
788 3025 903 3060 Roma
928 3025 984 3060 22.
1012 3024 1179 3061 Octobris
1206 3026 1298 3061 1552
1325 3026 1450 3068 datae,
1477 3025 1694 3071 compluries
1719 3024 1818 3070 typis
1847 3035 1907 3058 ex-

140 3078 298 3124 scriptae
324 3081 427 3120 sunt;
454 3091 488 3113 v.
515 3090 550 3123 g.
577 3079 613 3113 in
643 3080 829 3122 „Instituta
855 3078 1048 3114 Societatis
1073 3079 1180 3114 Jesu“
1210 3079 1226 3114 Ι
1256 3079 1413 3125 (Pragae
1441 3079 1561 3123 1757),
1588 3078 1739 3113 26—28.

261 3133 274 3153 ⁸
300 3132 378 3168 Hoc
402 3132 632 3178 privilegium
657 3143 775 3177 neque
801 3132 836 3166 in
861 3133 1046 3175 „Inscitum
1064 3131 1275 3169 Societatis“
1306 3133 1510 3168 continetur
1532 3143 1648 3176 neque
1674 3131 1709 3165 in
1733 3132 1908 3175 „synopsi

140 3186 313 3221 Actorum
340 3185 375 3221 S.
402 3185 504 3220 Sedis
529 3186 565 3220 in
591 3197 702 3221 causa
727 3184 919 3221 Societatis
944 3185 1044 3221 Iesu“
1078 3185 1296 3231 (Florentiae
1324 3186 1425 3222 1887.
1465 3185 1615 3221 Lovanii
1643 3184 1764 3229 1895).
