2142 3455
1084 771 1137 813 Π.

553 866 938 923 PROOEMIUM
975 866 1342 923 VOLUMINIS
1381 865 1675 923 SECUNDI.

349 978 374 1012 Ι.
414 979 665 1022 Epistularum
705 983 735 1012 et
771 983 1075 1013 monumentorum
1118 991 1295 1013 numerus.
1353 979 1396 1013 II.
1436 980 1664 1013 Monmnenra
1707 977 1931 1023 „litteraria“
1971 982 2001 1012 et

232 1031 393 1075 „care'a“.
446 1032 506 1066 III.
543 1033 702 1066 Litterae
735 1034 832 1066 varii
864 1034 1024 1076 yenert's:
1059 1034 1106 1066 ad
1140 1034 1271 1066 aulicos
1306 1037 1335 1066 et
1371 1034 1418 1065 acl
1446 1044 1613 1076 proceres
1647 1034 1774 1075 ‹latae;
1811 1033 2001 1066 relationes

230 1086 379 1119 Romam
405 1087 553 1128 missam,-
578 1087 781 1119 litterarum
809 1088 1055 1119 commercium
1081 1098 1159 1119 eum
1184 1087 1334 1119 subditis
1359 1091 1388 1119 et
1415 1097 1492 1119 cum
1517 1097 1653 1120 summo
1678 1087 1862 1120 Societatt's
1886 1086 2001 1118 mode-

229 1144 360 1173 ratore.
395 1138 457 1173 IV.
484 1140 563 1181 Res,
590 1151 679 1183 quae
703 1141 743 1172 in
760 1140 816 1172 leis
834 1140 994 1182 epistulis
1010 1141 1314 1183 monumentisque
1333 1144 1558 1173 narrantur:
1586 1142 1616 1173 1.
1635 1140 1831 1182 Religst'om's
1847 1140 2001 1179 ruinae,-

230 1204 369 1226 morum
395 1195 588 1236 corruptio.
641 1196 674 1226 2.
701 1193 844 1226 Laudes
871 1193 986 1226 Sociis
1011 1193 1175 1226 tributae.
1227 1193 1410 1226 Societatc's
1429 1204 1651 1236 proyressztS.
1702 1194 1770 1226 Res
1805 1204 1827 1225 a
1857 1193 2001 1226 Canisio

227 1251 363 1289 yestae:
392 1247 488 1280 Cura
510 1248 715 1286 S0‹·2'orum;
743 1251 821 1279 acta
850 1247 887 1279 in
915 1247 1065 1279 comitiis
1091 1251 1120 1279 et
1139 1247 1324 1289 νθῖιζαῐοηίὸ·
1347 1246 1543 1289 colloquio;
1569 1248 1768 1288 contionem
1794 1246 1980 1279 catecheses
1988 1257 2002 1287 ,·

230 1300 338 1341 ῖὶῖ)νί,·
363 1301 571 1333 monitiones
581 1312 595 1341 ;
620 1302 788 1342 *vlrtuteae
814 1301 1044 1333 contumeliae
1069 1301 1248 1333 toleratae.
1300 1300 1387 1333 Alia
1413 1300 1461 1332 acl
1488 1300 1670 1333 Soc-letalis
1694 1300 1883 1332 historicon
1907 1310 1999 1342 spee—

229 1355 369 1395 amisa,-
403 1354 618 1396 disciplina,·
645 1354 849 1396 prz‘e'ileqe'a.
901 1353 942 1393 3)
978 1354 1047 1386 Res
1082 1354 1129 1386 atl
1163 1353 1339 1396 reliquam
1375 1353 1603 1396 disciplinam
1629 1353 1896 1386 eeclesiasticam
1916 1363 1999 1395 per-

229 1408 385 1440 tinentes.
427 1407 494 1440 Res
514 1407 713 1449 polonicam
754 1405 925 1450 „Index“.
976 1407 1206 1440 Restant-atio
1232 1407 1426 1450 reliye‘onis.
1479 1405 1521 1440 V.
1550 1406 1804 1450 „Monumenta
1829 1406 2000 1439 historica

231 1461 418 1494 Soc-[etatis
445 1459 558 1494 Iesu.“

348 1548 379 1590 I.
414 1548 628 1590 Volumen
650 1548 731 1590 1100
753 1548 947 1591 continet
970 1550 1055 1590 283
1079 1548 1358 1602 epistulas
1392 1548 1737 1600 canisianae,
1771 1562 1797 1590 a
1828 1561 2000 1590 mense

229 1614 499 1666 Augusto
538 1628 576 1657 a.
615 1615 726 1655 1556
769 1628 964 1667 usque
1006 1614 1076 1656 ad
1117 1614 1310 1656 finem
1351 1629 1389 1657 a.
1428 1616 1539 1656 1560
1582 1613 1897 1668 scriptas,
1942 1615 2000 1656 et

233 1681 315 1721 100
353 1680 752 1730 „monumenta“
790 1679 909 1721 sive
947 1682 1112 1730 „acta“
1153 1679 1442 1721 canisiana
1474 1679 1702 1722 eiusdem
1733 1678 1997 1733 temporis.

229 1744 299 1786 Ex
331 1744 527 1798 epistulis
564 1746 646 1786 160
680 1759 705 1787 a
737 1745 907 1787 Canisio
939 1745 1011 1787 vel
1044 1745 1136 1786 eius
1167 1745 1340 1787 nomine
1381 1745 1594 1800 scriptae,
1639 1746 1722 1786 123
1764 1744 1819 1786 ad
1858 1743 2000 1798 ipsum

231 1809 361 1851 datae
399 1812 512 1852 sunt.
575 1810 646 1852 Ex
680 1809 834 1863 quibus
872 1809 1069 1864 epistulis
1100 1809 1194 1852 fere
1230 1811 1313 1853 180
1345 1824 1482 1863 usque
1514 1811 1597 1852 hue
1628 1809 1840 1859 nondum,
1887 1808 2000 1862 quod

231 1874 429 1928 equidem
461 1875 608 1926 sciam,
641 1875 760 1929 typis
793 1875 1054 1929 exscriptae,
1089 1875 1182 1917 fere
1206 1877 1259 1917 25
1286 1875 1373 1917 iam
1406 1878 1537 1918 antea
1567 1875 1766 1928 integrae
1799 1887 2000 1924 excusae,

229 1940 493 1994 reliquarum
525 1942 673 1995 partes
705 1942 900 1992 tantum,
936 1955 1098 1994 eaeque
1131 1940 1223 1982 fere
1256 1943 1326 1982 sat
1357 1955 1535 1994 parvae,
1567 1940 1611 1982 in
1643 1940 1783 1981 lucem
1816 1938 2000 1981 emissae

230 2008 344 2048 sunt.
407 2006 644 2048 Praeterea
683 2008 776 2048 tum
817 2006 861 2047 in
902 2005 1214 2056 monumentis,
1257 2008 1350 2048 tum
1390 2006 1434 2047 in
1473 2004 1846 2055 adnotationibus,
1889 2017 2000 2057 quae

230 2071 427 2126 epistulis
461 2070 802 2124 subiunguntur,
845 2071 943 2126 plus
975 2085 1106 2125 quam
1137 2073 1224 2114 400
1256 2070 1424 2125 positae
1465 2073 1567 2113 sunt
1606 2072 1756 2124 partes
1795 2069 1867 2111 vel
1898 2083 1999 2123 par-

229 2136 478 2179 ticulae'ex
509 2136 724 2187 fontibus,
768 2137 882 2190 quod
914 2151 995 2190 ego
1028 2136 1184 2187 sciam,
1228 2136 1416 2178 nondum
1451 2135 1670 2189 evulgatis
1702 2135 1998 2189 depromptae.

349 2202 599 2256 Complures
632 2202 785 2253 etiam,
829 2202 930 2243 dum
961 2201 1042 2244 hoc
1074 2202 1275 2244 volumen
1312 2201 1544 2256 parabam,
1585 2199 1758 2255 repperi
1790 2199 2000 2254 epistulas

231 2270 275 2309 et
305 2270 586 2310 monumenta
618 2267 674 2309 ad
705 2267 889 2321 primum
915 2267 1120 2309 volumen
1151 2266 1411 2321 spectantia,
1446 2280 1556 2320 quae
1577 2269 1727 2309 tamen
1748 2265 1816 2307 hic
1838 2278 1999 2319 ponere

229 2332 368 2383 nolui,
412 2346 508 2374 cum
548 2334 776 2386 praestare
817 2331 922 2374 mihi
960 2332 1204 2383 videretur,
1247 2331 1399 2374 ultimo
1440 2331 1566 2373 huius
1609 2330 1752 2385 operis
1791 2329 2000 2372 volumini

232 2412 456 2440 commune
489 2397 705 2451 quoddam
742 2398 1139 2452 „supplementum“
1178 2397 1359 2448 addere,
1403 2411 1532 2450 quam
1573 2396 1746 2449 singula
1780 2394 2000 2437 volumina

231 2477 309 2505 sua
341 2463 578 2517 appendice
610 2477 810 2516 gravare.

350 2528 485 2570 Doleo
528 2530 646 2570 certe
679 2542 769 2579 me,
812 2541 923 2581 quae
954 2527 1081 2569 huius
1122 2527 1332 2581 temporis
1369 2526 1526 2568 iniuria
1559 2529 1647 2576 est,
1689 2525 1805 2567 haud
1836 2537 1999 2579 paucas

232 2593 440 2647 epistulas
464 2608 490 2635 a
512 2593 683 2635 Canisio
707 2593 847 2644 datas,
881 2606 993 2646 quae
1016 2592 1318 2647 autographae
1349 2592 1419 2634 vel
1453 2592 1718 2645 archetypae
1750 2592 1997 2645 supersunt,

231 2672 316 2699 non
356 2658 550 2713 potuisse
591 2658 732 2713 ipsum
771 2657 1010 2712 inspicere,
1055 2660 1189 2711 atque
1229 2671 1378 2699 earum
1419 2656 1696 2711 apographa,
1743 2669 1853 2709 quae
1893 2668 1999 2709 prae

231 2723 428 2766 manibus
469 2723 573 2766 mihi
614 2726 761 2774 erant,
804 2737 1008 2776 magnam
1049 2725 1221 2777 partem
1255 2722 1310 2764 ad
1341 2721 1557 2764 scribendi
1589 2723 1634 2763 et
1664 2718 2000 2775 interpungendi

232 2788 443 2831 rationem
475 2791 651 2831 nostrae
684 2787 843 2830 aetatis
876 2787 1204 2830 accommodata
1237 2801 1355 2838 esse;
1389 2801 1468 2829 nec
1499 2789 1647 2829 tamen
1679 2785 1878 2828 dubitare
1898 2798 1999 2839 pos-

232 2867 339 2904 sum,
372 2854 474 2906 quin
504 2853 699 2895 recentia
719 2853 827 2895 haec
850 2853 1116 2907 apographa,
1150 2852 1187 2894 si
1218 2866 1288 2894 res
1318 2851 1437 2907 ipsas
1469 2853 1653 2906 spectes,
1686 2850 1795 2893 satis
1826 2849 1998 2902 integra

233 2920 277 2960 et
310 2920 429 2960 certa
460 2918 559 2961 sint.

351 3010 395 3045 II.
431 3010 680 3045 Rationem
706 3009 881 3055 epistulas
908 3011 1210 3054 monumentaque
1236 3009 1362 3044 edendi
1389 3008 1425 3043 in
1450 3007 1630 3054 prooemio
1660 3006 1821 3051 generali
1858 3005 1944 3050 (vol.
1970 3005 1997 3047 1,

232 3076 266 3109 p.
290 3064 560 3107 xxv—xxxm)
590 3064 792 3109 expositam
818 3074 931 3108 parva
957 3063 1111 3107 quadam
1138 3063 1173 3097 in
1198 3074 1237 3097 re
1262 3062 1448 3108 paululum
1475 3060 1684 3096 immutavi:
1724 3059 1993 3103 monumenta*

232 3117 386 3163 primum
411 3116 555 3161 quidem
581 3116 783 3162 praecipuis
808 3116 915 3158 locis,
942 3117 1072 3160 quibus
1091 3116 1257 3150 Canisius
1283 3116 1326 3150 ab
1345 3127 1376 3150 a.
1398 3115 1488 3150 1556
1513 3114 1558 3149 ad
1575 3125 1607 3149 a.
1629 3114 1720 3149 1560
1745 3113 1906 3147 moratus
1932 3112 1998 3152 est,

233 3170 360 3205 deinde
385 3182 472 3205 vero
496 3181 566 3204 non
591 3170 718 3212 rebus,
756 3180 846 3214 quas
872 3169 960 3204 locis
986 3169 1059 3204 illis
1085 3169 1200 3213 gessit
1224 3189 1270 3193 —·
1296 3169 1330 3204 id
1357 3168 1450 3213 quod
1477 3168 1513 3202 in
1538 3167 1653 3213 primo
1678 3165 1860 3201 volumine
1897 3175 1997 3209 prae-
