<?xml version="1.0" encoding="UTF-8"?>
<!DOCTYPE html PUBLIC "-//W3C//DTD XHTML 1.0 Transitional//EN"
    "http://www.w3.org/TR/xhtml1/DTD/xhtml1-transitional.dtd">
<html xmlns="http://www.w3.org/1999/xhtml" xml:lang="en" lang="en">
 <head>
  <title>
</title>
<meta http-equiv="Content-Type" content="text/html;charset=utf-8" />
  <meta name='ocr-system' content='tesseract 3.04.00' />
  <meta name='ocr-capabilities' content='ocr_page ocr_carea ocr_par ocr_line ocrx_word'/>
</head>
<body>
  <div class='ocr_page' id='page_1' title='image "beatipetricanisi02cani_0036.png"; bbox 0 0 2142 3455; ppageno 0'>
   <div class='ocr_carea' id='block_1_1' title="bbox 210 190 303 217">
    <p class='ocr_par' dir='ltr' id='par_1_1' title="bbox 210 190 303 217">
     <span class='ocr_line' id='line_1_1' title="bbox 210 190 303 217; baseline 0 0"><span class='ocrx_word' id='word_1_1' title='bbox 210 190 303 217; x_wconf 89' lang='lat' dir='ltr'>XXX</span> 
     </span>
    </p>
   </div>
   <div class='ocr_carea' id='block_1_2' title="bbox 282 290 372 325">
    <p class='ocr_par' dir='ltr' id='par_1_2' title="bbox 282 290 372 325">
     <span class='ocr_line' id='line_1_2' title="bbox 282 290 372 325; baseline -0.011 0"><span class='ocrx_word' id='word_1_2' title='bbox 282 290 372 325; x_wconf 88' lang='lat'>1556</span> 
     </span>
    </p>
   </div>
   <div class='ocr_carea' id='block_1_3' title="bbox 274 481 385 522">
    <p class='ocr_par' dir='ltr' id='par_1_3' title="bbox 274 481 385 522">
     <span class='ocr_line' id='line_1_3' title="bbox 274 481 385 522; baseline 0 0"><span class='ocrx_word' id='word_1_3' title='bbox 274 481 385 522; x_wconf 87' lang='lat'>1556</span> 
     </span>
    </p>
   </div>
   <div class='ocr_carea' id='block_1_4' title="bbox 273 612 384 654">
    <p class='ocr_par' dir='ltr' id='par_1_4' title="bbox 273 612 384 654">
     <span class='ocr_line' id='line_1_4' title="bbox 273 612 384 654; baseline 0.009 -1"><span class='ocrx_word' id='word_1_4' title='bbox 273 612 384 654; x_wconf 88' lang='lat'>1556</span> 
     </span>
    </p>
   </div>
   <div class='ocr_carea' id='block_1_5' title="bbox 281 888 371 976">
    <p class='ocr_par' dir='ltr' id='par_1_5' title="bbox 281 888 371 976">
     <span class='ocr_line' id='line_1_5' title="bbox 281 888 371 922; baseline 0.011 -1"><span class='ocrx_word' id='word_1_5' title='bbox 281 888 371 922; x_wconf 88' lang='grc'>1556</span> 
     </span>
     <span class='ocr_line' id='line_1_6' title="bbox 281 942 371 976; baseline 0.011 -1"><span class='ocrx_word' id='word_1_6' title='bbox 281 942 371 976; x_wconf 90' lang='grc'>1556</span> 
     </span>
    </p>
   </div>
   <div class='ocr_carea' id='block_1_6' title="bbox 280 1079 383 1176">
    <p class='ocr_par' dir='ltr' id='par_1_6' title="bbox 280 1079 383 1176">
     <span class='ocr_line' id='line_1_7' title="bbox 280 1079 383 1116; baseline 0.01 -1"><span class='ocrx_word' id='word_1_7' title='bbox 280 1079 383 1116; x_wconf 84' lang='grc'>1556</span> 
     </span>
     <span class='ocr_line' id='line_1_8' title="bbox 282 1138 382 1176; baseline 0.02 -2"><span class='ocrx_word' id='word_1_8' title='bbox 282 1138 382 1176; x_wconf 84' lang='grc'>1556</span> 
     </span>
    </p>
   </div>
   <div class='ocr_carea' id='block_1_7' title="bbox 281 1333 371 1368">
    <p class='ocr_par' dir='ltr' id='par_1_7' title="bbox 281 1333 371 1368">
     <span class='ocr_line' id='line_1_9' title="bbox 281 1333 371 1368; baseline 0.011 -1"><span class='ocrx_word' id='word_1_9' title='bbox 281 1333 371 1368; x_wconf 89' lang='grc'>1556</span> 
     </span>
    </p>
   </div>
   <div class='ocr_carea' id='block_1_8' title="bbox 207 1469 466 1745">
    <p class='ocr_par' dir='ltr' id='par_1_8' title="bbox 207 1469 466 1745">
     <span class='ocr_line' id='line_1_10' title="bbox 229 1469 466 1527; baseline 0.004 -21"><span class='ocrx_word' id='word_1_10' title='bbox 229 1469 277 1507; x_wconf 93' lang='grc' dir='ltr'>Α.</span> <span class='ocrx_word' id='word_1_11' title='bbox 309 1469 426 1514; x_wconf 87' lang='grc'>1556,</span> <span class='ocrx_word' id='word_1_12' title='bbox 464 1521 466 1527; x_wconf 22' lang='lat' dir='ltr'><em>A</em></span> 
     </span>
     <span class='ocr_line' id='line_1_11' title="bbox 207 1528 448 1566; baseline 0 0"><span class='ocrx_word' id='word_1_13' title='bbox 207 1528 448 1566; x_wconf 85' lang='lat' dir='ltr'>autineunte</span> 
     </span>
     <span class='ocr_line' id='line_1_12' title="bbox 243 1589 411 1626; baseline 0.006 -1"><span class='ocrx_word' id='word_1_14' title='bbox 243 1601 276 1626; x_wconf 89' lang='lat' dir='ltr'>a.</span> <span class='ocrx_word' id='word_1_15' title='bbox 309 1589 411 1626; x_wconf 92' lang='grc'>1557</span> 
     </span>
     <span class='ocr_line' id='line_1_13' title="bbox 280 1707 381 1745; baseline 0 0"><span class='ocrx_word' id='word_1_16' title='bbox 280 1707 381 1745; x_wconf 90' lang='grc'>1557</span> 
     </span>
    </p>
   </div>
   <div class='ocr_carea' id='block_1_9' title="bbox 280 1827 381 1864">
    <p class='ocr_par' dir='ltr' id='par_1_9' title="bbox 280 1827 381 1864">
     <span class='ocr_line' id='line_1_14' title="bbox 280 1827 381 1864; baseline 0 0"><span class='ocrx_word' id='word_1_17' title='bbox 280 1827 381 1864; x_wconf 91' lang='grc'>1557</span> 
     </span>
    </p>
   </div>
   <div class='ocr_carea' id='block_1_10' title="bbox 466 306 469 1963">
    <p class='ocr_par' dir='ltr' id='par_1_10' title="bbox 466 306 469 1963">
     <span class='ocr_line' id='line_1_15' title="bbox 466 306 469 1963; baseline 0 0"><span class='ocrx_word' id='word_1_18' title='bbox 466 306 469 1963; x_wconf 95' lang='lat' dir='ltr'> </span> 
     </span>
    </p>
   </div>
   <div class='ocr_carea' id='block_1_11' title="bbox 279 1962 368 1997">
    <p class='ocr_par' dir='ltr' id='par_1_11' title="bbox 279 1962 368 1997">
     <span class='ocr_line' id='line_1_16' title="bbox 279 1962 368 1997; baseline -0.011 0"><span class='ocrx_word' id='word_1_19' title='bbox 279 1962 368 1997; x_wconf 87' lang='grc'>1557</span> 
     </span>
    </p>
   </div>
   <div class='ocr_carea' id='block_1_12' title="bbox 271 2101 381 2142">
    <p class='ocr_par' dir='ltr' id='par_1_12' title="bbox 271 2101 381 2142">
     <span class='ocr_line' id='line_1_17' title="bbox 271 2101 381 2142; baseline 0.009 -1"><span class='ocrx_word' id='word_1_20' title='bbox 271 2101 381 2142; x_wconf 88' lang='grc'>1557</span> 
     </span>
    </p>
   </div>
   <div class='ocr_carea' id='block_1_13' title="bbox 278 2240 368 2490">
    <p class='ocr_par' dir='ltr' id='par_1_13' title="bbox 278 2240 368 2490">
     <span class='ocr_line' id='line_1_18' title="bbox 279 2240 368 2275; baseline 0 0"><span class='ocrx_word' id='word_1_21' title='bbox 279 2240 368 2275; x_wconf 86' lang='grc'>1557</span> 
     </span>
     <span class='ocr_line' id='line_1_19' title="bbox 278 2347 368 2382; baseline 0 0"><span class='ocrx_word' id='word_1_22' title='bbox 278 2347 368 2382; x_wconf 88' lang='grc'>1557</span> 
     </span>
     <span class='ocr_line' id='line_1_20' title="bbox 279 2455 367 2490; baseline -0.011 0"><span class='ocrx_word' id='word_1_23' title='bbox 279 2455 367 2490; x_wconf 88' lang='grc'>1557</span> 
     </span>
    </p>
   </div>
   <div class='ocr_carea' id='block_1_14' title="bbox 279 2563 368 2597">
    <p class='ocr_par' dir='ltr' id='par_1_14' title="bbox 279 2563 368 2597">
     <span class='ocr_line' id='line_1_21' title="bbox 279 2563 368 2597; baseline 0 0"><span class='ocrx_word' id='word_1_24' title='bbox 279 2563 368 2597; x_wconf 87' lang='grc'>1557</span> 
     </span>
    </p>
   </div>
   <div class='ocr_carea' id='block_1_15' title="bbox 279 2701 380 2739">
    <p class='ocr_par' dir='ltr' id='par_1_15' title="bbox 279 2701 380 2739">
     <span class='ocr_line' id='line_1_22' title="bbox 279 2701 380 2739; baseline 0.03 -3"><span class='ocrx_word' id='word_1_25' title='bbox 279 2701 380 2739; x_wconf 86' lang='grc'>1557</span> 
     </span>
    </p>
   </div>
   <div class='ocr_carea' id='block_1_16' title="bbox 280 2834 369 2870">
    <p class='ocr_par' dir='ltr' id='par_1_16' title="bbox 280 2834 369 2870">
     <span class='ocr_line' id='line_1_23' title="bbox 280 2834 369 2870; baseline 0.034 -3"><span class='ocrx_word' id='word_1_26' title='bbox 280 2834 369 2870; x_wconf 87' lang='grc'>1557</span> 
     </span>
    </p>
   </div>
   <div class='ocr_carea' id='block_1_17' title="bbox 273 2972 382 3013">
    <p class='ocr_par' dir='ltr' id='par_1_17' title="bbox 273 2972 382 3013">
     <span class='ocr_line' id='line_1_24' title="bbox 273 2972 382 3013; baseline 0.009 -1"><span class='ocrx_word' id='word_1_27' title='bbox 273 2972 382 3013; x_wconf 87' lang='grc'>1557</span> 
     </span>
    </p>
   </div>
   <div class='ocr_carea' id='block_1_18' title="bbox 666 171 1515 216">
    <p class='ocr_par' dir='ltr' id='par_1_18' title="bbox 666 171 1515 216">
     <span class='ocr_line' id='line_1_25' title="bbox 666 171 1515 216; baseline 0.002 -10"><span class='ocrx_word' id='word_1_28' title='bbox 666 173 726 207; x_wconf 89' lang='grc' dir='ltr'><strong>ΙΙΙ.</strong></span> <span class='ocrx_word' id='word_1_29' title='bbox 762 171 921 206; x_wconf 85' lang='lat' dir='ltr'>Tabulae</span> <span class='ocrx_word' id='word_1_30' title='bbox 948 171 1220 216; x_wconf 83' lang='lat' dir='ltr'>chronologicae</span> <span class='ocrx_word' id='word_1_31' title='bbox 1246 172 1344 207; x_wconf 84' lang='lat' dir='ltr'>vitae</span> <span class='ocrx_word' id='word_1_32' title='bbox 1371 172 1515 208; x_wconf 90' lang='lat' dir='ltr'>Canisii.</span> 
     </span>
    </p>
   </div>
   <div class='ocr_carea' id='block_1_19' title="bbox 556 289 751 324">
    <p class='ocr_par' dir='ltr' id='par_1_19' title="bbox 556 289 751 324">
     <span class='ocr_line' id='line_1_26' title="bbox 556 289 751 324; baseline -0.005 0"><span class='ocrx_word' id='word_1_33' title='bbox 556 289 751 324; x_wconf 87' lang='lat' dir='ltr'>Novembri</span> 
     </span>
    </p>
   </div>
   <div class='ocr_carea' id='block_1_20' title="bbox 484 479 830 652">
    <p class='ocr_par' dir='ltr' id='par_1_20' title="bbox 484 479 830 652">
     <span class='ocr_line' id='line_1_27' title="bbox 484 479 830 522; baseline -0.003 -1"><span class='ocrx_word' id='word_1_34' title='bbox 484 479 606 522; x_wconf 87' lang='lat' dir='ltr'>initio</span> <span class='ocrx_word' id='word_1_35' title='bbox 648 494 703 521; x_wconf 89' lang='lat' dir='ltr'>m.</span> <span class='ocrx_word' id='word_1_36' title='bbox 743 479 830 520; x_wconf 93' lang='lat' dir='ltr'>De-</span> 
     </span>
     <span class='ocr_line' id='line_1_28' title="bbox 565 543 748 586; baseline -0.005 0"><span class='ocrx_word' id='word_1_37' title='bbox 565 543 748 586; x_wconf 85' lang='lat' dir='ltr'>cembris</span> 
     </span>
     <span class='ocr_line' id='line_1_29' title="bbox 544 608 773 652; baseline -0.009 0"><span class='ocrx_word' id='word_1_38' title='bbox 544 608 773 652; x_wconf 87' lang='lat' dir='ltr'>Decembri</span> 
     </span>
    </p>
   </div>
   <div class='ocr_carea' id='block_1_21' title="bbox 562 885 754 974">
    <p class='ocr_par' dir='ltr' id='par_1_21' title="bbox 562 885 754 974">
     <span class='ocr_line' id='line_1_30' title="bbox 562 885 751 920; baseline 0 0"><span class='ocrx_word' id='word_1_39' title='bbox 562 885 751 920; x_wconf 89' lang='lat' dir='ltr'>Decembri</span> 
     </span>
     <span class='ocr_line' id='line_1_31' title="bbox 563 938 754 974; baseline 0 -1"><span class='ocrx_word' id='word_1_40' title='bbox 563 938 754 974; x_wconf 87' lang='lat' dir='ltr'>Decembri</span> 
     </span>
    </p>
   </div>
   <div class='ocr_carea' id='block_1_22' title="bbox 553 1075 763 1173">
    <p class='ocr_par' dir='ltr' id='par_1_22' title="bbox 553 1075 763 1173">
     <span class='ocr_line' id='line_1_32' title="bbox 555 1075 763 1113; baseline -0.005 0"><span class='ocrx_word' id='word_1_41' title='bbox 555 1075 763 1113; x_wconf 89' lang='lat' dir='ltr'>Decembri</span> 
     </span>
     <span class='ocr_line' id='line_1_33' title="bbox 553 1134 763 1173; baseline -0.005 0"><span class='ocrx_word' id='word_1_42' title='bbox 553 1134 763 1173; x_wconf 87' lang='lat' dir='ltr'>Decembri</span> 
     </span>
    </p>
   </div>
   <div class='ocr_carea' id='block_1_23' title="bbox 563 1329 751 1364">
    <p class='ocr_par' dir='ltr' id='par_1_23' title="bbox 563 1329 751 1364">
     <span class='ocr_line' id='line_1_34' title="bbox 563 1329 751 1364; baseline -0.011 0"><span class='ocrx_word' id='word_1_43' title='bbox 563 1329 751 1364; x_wconf 83' lang='lat' dir='ltr'>Decembri</span> 
     </span>
    </p>
   </div>
   <div class='ocr_carea' id='block_1_24' title="bbox 531 1703 786 1801">
    <p class='ocr_par' dir='ltr' id='par_1_24' title="bbox 531 1703 786 1801">
     <span class='ocr_line' id='line_1_35' title="bbox 531 1703 786 1743; baseline -0.008 0"><span class='ocrx_word' id='word_1_44' title='bbox 531 1706 602 1743; x_wconf 91' lang='lat' dir='ltr'>sub</span> <span class='ocrx_word' id='word_1_45' title='bbox 630 1703 786 1742; x_wconf 86' lang='lat' dir='ltr'>initium</span> 
     </span>
     <span class='ocr_line' id='line_1_36' title="bbox 610 1763 703 1801; baseline -0.011 0"><span class='ocrx_word' id='word_1_46' title='bbox 610 1763 703 1801; x_wconf 89' lang='lat' dir='ltr'>anni</span> 
     </span>
    </p>
   </div>
   <div class='ocr_carea' id='block_1_25' title="bbox 580 1959 746 1994">
    <p class='ocr_par' dir='ltr' id='par_1_25' title="bbox 580 1959 746 1994">
     <span class='ocr_line' id='line_1_37' title="bbox 580 1959 746 1994; baseline 0 -2"><span class='ocrx_word' id='word_1_47' title='bbox 580 1959 746 1994; x_wconf 84' lang='lat' dir='ltr'>Ianuario</span> 
     </span>
    </p>
   </div>
   <div class='ocr_carea' id='block_1_26' title="bbox 484 2095 832 2204">
    <p class='ocr_par' dir='ltr' id='par_1_26' title="bbox 484 2095 832 2204">
     <span class='ocr_line' id='line_1_38' title="bbox 484 2095 832 2139; baseline -0.009 0"><span class='ocrx_word' id='word_1_48' title='bbox 484 2111 510 2139; x_wconf 87' lang='lat' dir='ltr'>a</span> <span class='ocrx_word' id='word_1_49' title='bbox 542 2095 743 2139; x_wconf 88' lang='lat' dir='ltr'>Ianuario</span> <span class='ocrx_word' id='word_1_50' title='bbox 777 2095 832 2137; x_wconf 88' lang='lat' dir='ltr'>ad</span> 
     </span>
     <span class='ocr_line' id='line_1_39' title="bbox 552 2161 761 2204; baseline -0.01 0"><span class='ocrx_word' id='word_1_51' title='bbox 552 2161 761 2204; x_wconf 87' lang='lat' dir='ltr'>Martium</span> 
     </span>
    </p>
   </div>
   <div class='ocr_carea' id='block_1_27' title="bbox 555 2243 750 2385">
    <p class='ocr_par' dir='ltr' id='par_1_27' title="bbox 555 2243 750 2385">
     <span class='ocr_line' id='line_1_40' title="bbox 571 2243 734 2278; baseline -0.006 0"><span class='ocrx_word' id='word_1_52' title='bbox 571 2243 674 2278; x_wconf 85' lang='lat' dir='ltr'>Febr.</span> <span class='ocrx_word' id='word_1_53' title='bbox 704 2243 734 2277; x_wconf 91' lang='lat'>1.</span> 
     </span>
     <span class='ocr_line' id='line_1_41' title="bbox 555 2348 750 2385; baseline -0.01 0"><span class='ocrx_word' id='word_1_54' title='bbox 555 2348 750 2385; x_wconf 84' lang='lat' dir='ltr'>Februario</span> 
     </span>
    </p>
   </div>
   <div class='ocr_carea' id='block_1_28' title="bbox 485 2455 829 2661">
    <p class='ocr_par' dir='ltr' id='par_1_28' title="bbox 485 2455 829 2661">
     <span class='ocr_line' id='line_1_42' title="bbox 493 2455 814 2501; baseline -0.009 -9"><span class='ocrx_word' id='word_1_55' title='bbox 493 2458 596 2492; x_wconf 85' lang='lat' dir='ltr'>Febr.</span> <span class='ocrx_word' id='word_1_56' title='bbox 624 2457 655 2491; x_wconf 78' lang='lat'>2.</span> <span class='ocrx_word' id='word_1_57' title='bbox 685 2455 741 2501; x_wconf 89' lang='lat' dir='ltr'>(ut</span> <span class='ocrx_word' id='word_1_58' title='bbox 765 2455 814 2490; x_wconf 90' lang='lat' dir='ltr'>vi-</span> 
     </span>
     <span class='ocr_line' id='line_1_43' title="bbox 597 2508 716 2553; baseline -0.017 -8"><span class='ocrx_word' id='word_1_59' title='bbox 597 2508 716 2553; x_wconf 87' lang='lat' dir='ltr'>detur)</span> 
     </span>
     <span class='ocr_line' id='line_1_44' title="bbox 485 2562 829 2608; baseline -0.006 -9"><span class='ocrx_word' id='word_1_60' title='bbox 485 2565 586 2599; x_wconf 84' lang='lat' dir='ltr'>Febr.</span> <span class='ocrx_word' id='word_1_61' title='bbox 609 2563 692 2608; x_wconf 67' lang='lat'>(12,</span> <span class='ocrx_word' id='word_1_62' title='bbox 717 2566 759 2598; x_wconf 89' lang='lat' dir='ltr'>ut</span> <span class='ocrx_word' id='word_1_63' title='bbox 779 2562 829 2597; x_wconf 85' lang='lat' dir='ltr'>vi-</span> 
     </span>
     <span class='ocr_line' id='line_1_45' title="bbox 596 2616 716 2661; baseline -0.017 -9"><span class='ocrx_word' id='word_1_64' title='bbox 596 2616 716 2661; x_wconf 90' lang='lat' dir='ltr'>detur)</span> 
     </span>
    </p>
   </div>
   <div class='ocr_carea' id='block_1_29' title="bbox 550 2699 765 2739">
    <p class='ocr_par' dir='ltr' id='par_1_29' title="bbox 550 2699 765 2739">
     <span class='ocr_line' id='line_1_46' title="bbox 550 2699 765 2739; baseline 0 -1"><span class='ocrx_word' id='word_1_65' title='bbox 550 2699 765 2739; x_wconf 86' lang='lat' dir='ltr'>Februario</span> 
     </span>
    </p>
   </div>
   <div class='ocr_carea' id='block_1_30' title="bbox 501 2834 808 2870">
    <p class='ocr_par' dir='ltr' id='par_1_30' title="bbox 501 2834 808 2870">
     <span class='ocr_line' id='line_1_47' title="bbox 501 2834 808 2870; baseline -0.007 0"><span class='ocrx_word' id='word_1_66' title='bbox 501 2836 603 2870; x_wconf 84' lang='lat' dir='ltr'>Febr.</span> <span class='ocrx_word' id='word_1_67' title='bbox 630 2854 676 2858; x_wconf 91' lang='lat'>—</span> <span class='ocrx_word' id='word_1_68' title='bbox 702 2834 808 2869; x_wconf 87' lang='lat' dir='ltr'>Mart.</span> 
     </span>
    </p>
   </div>
   <div class='ocr_carea' id='block_1_31' title="bbox 542 2970 771 3080">
    <p class='ocr_par' dir='ltr' id='par_1_31' title="bbox 542 2970 771 3080">
     <span class='ocr_line' id='line_1_48' title="bbox 542 2970 771 3014; baseline -0.009 0"><span class='ocrx_word' id='word_1_69' title='bbox 542 2971 665 3014; x_wconf 84' lang='lat' dir='ltr'>Febr.</span> <span class='ocrx_word' id='word_1_70' title='bbox 699 2970 771 3013; x_wconf 85' lang='lat' dir='ltr'>vel</span> 
     </span>
     <span class='ocr_line' id='line_1_49' title="bbox 573 3035 733 3080; baseline -0.006 -1"><span class='ocrx_word' id='word_1_71' title='bbox 573 3035 733 3080; x_wconf 87' lang='lat' dir='ltr'>Martio</span> 
     </span>
    </p>
   </div>
   <div class='ocr_carea' id='block_1_32' title="bbox 854 306 859 3170">
    <p class='ocr_par' dir='ltr' id='par_1_32' title="bbox 854 306 859 3170">
     <span class='ocr_line' id='line_1_50' title="bbox 854 306 859 3170; baseline 0 0"><span class='ocrx_word' id='word_1_72' title='bbox 854 306 859 3170; x_wconf 95' lang='lat' dir='ltr'> </span> 
     </span>
    </p>
   </div>
   <div class='ocr_carea' id='block_1_33' title="bbox 880 288 1977 430">
    <p class='ocr_par' dir='ltr' id='par_1_33' title="bbox 880 288 1977 430">
     <span class='ocr_line' id='line_1_51' title="bbox 880 288 1977 336; baseline 0.001 -13"><span class='ocrx_word' id='word_1_73' title='bbox 880 288 969 323; x_wconf 88' lang='lat' dir='ltr'>Cum</span> <span class='ocrx_word' id='word_1_74' title='bbox 996 289 1168 323; x_wconf 86' lang='lat' dir='ltr'>cardinali</span> <span class='ocrx_word' id='word_1_75' title='bbox 1195 290 1408 333; x_wconf 87' lang='lat' dir='ltr'>Augustano</span> <span class='ocrx_word' id='word_1_76' title='bbox 1434 289 1668 325; x_wconf 82' lang='lat' dir='ltr'>Ratisbonam</span> <span class='ocrx_word' id='word_1_77' title='bbox 1693 293 1838 336; x_wconf 82' lang='lat' dir='ltr'>petente</span> <span class='ocrx_word' id='word_1_78' title='bbox 1856 288 1977 334; x_wconf 76' lang='lat' dir='ltr'>ingol-</span> 
     </span>
     <span class='ocr_line' id='line_1_52' title="bbox 939 340 1974 388; baseline 0 -11"><span class='ocrx_word' id='word_1_79' title='bbox 939 340 1099 377; x_wconf 80' lang='lat' dir='ltr'>stadium</span> <span class='ocrx_word' id='word_1_80' title='bbox 1135 342 1237 376; x_wconf 87' lang='lat' dir='ltr'>venit</span> <span class='ocrx_word' id='word_1_81' title='bbox 1270 342 1389 386; x_wconf 87' lang='lat' dir='ltr'>ibique</span> <span class='ocrx_word' id='word_1_82' title='bbox 1428 341 1484 385; x_wconf 87' lang='lat' dir='ltr'>(ut</span> <span class='ocrx_word' id='word_1_83' title='bbox 1517 342 1588 377; x_wconf 89' lang='lat' dir='ltr'>iam</span> <span class='ocrx_word' id='word_1_84' title='bbox 1614 343 1796 388; x_wconf 86' lang='lat' dir='ltr'>Dilingae)</span> <span class='ocrx_word' id='word_1_85' title='bbox 1833 355 1878 377; x_wconf 83' lang='lat' dir='ltr'>ex</span> <span class='ocrx_word' id='word_1_86' title='bbox 1903 345 1974 377; x_wconf 88' lang='lat' dir='ltr'>sto-</span> 
     </span>
     <span class='ocr_line' id='line_1_53' title="bbox 938 395 1423 430; baseline 0 -1"><span class='ocrx_word' id='word_1_87' title='bbox 938 395 1057 430; x_wconf 84' lang='lat' dir='ltr'>machi</span> <span class='ocrx_word' id='word_1_88' title='bbox 1083 395 1206 430; x_wconf 84' lang='lat' dir='ltr'>inorbo</span> <span class='ocrx_word' id='word_1_89' title='bbox 1232 395 1423 429; x_wconf 75' lang='lat' dir='ltr'>decumbit.</span> 
     </span>
    </p>
   </div>
   <div class='ocr_carea' id='block_1_34' title="bbox 877 477 1978 847">
    <p class='ocr_par' dir='ltr' id='par_1_34' title="bbox 879 477 1976 586">
     <span class='ocr_line' id='line_1_54' title="bbox 879 477 1976 531; baseline 0.001 -12"><span class='ocrx_word' id='word_1_90' title='bbox 879 478 983 520; x_wconf 86' lang='lat' dir='ltr'>Cum</span> <span class='ocrx_word' id='word_1_91' title='bbox 1017 477 1225 520; x_wconf 82' lang='lat' dir='ltr'>cardinali</span> <span class='ocrx_word' id='word_1_92' title='bbox 1248 478 1507 531; x_wconf 85' lang='lat' dir='ltr'>Augustano</span> <span class='ocrx_word' id='word_1_93' title='bbox 1530 477 1815 521; x_wconf 84' lang='lat' dir='ltr'>Ratisbonam</span> <span class='ocrx_word' id='word_1_94' title='bbox 1849 493 1976 522; x_wconf 86' lang='lat' dir='ltr'>curru</span> 
     </span>
     <span class='ocr_line' id='line_1_55' title="bbox 938 543 1124 586; baseline 0.011 -2"><span class='ocrx_word' id='word_1_95' title='bbox 938 543 1124 586; x_wconf 88' lang='lat' dir='ltr'>vehitur.</span> 
     </span>
    </p>

    <p class='ocr_par' dir='ltr' id='par_1_35' title="bbox 877 607 1978 847">
     <span class='ocr_line' id='line_1_56' title="bbox 877 607 1976 659; baseline 0 -9"><span class='ocrx_word' id='word_1_96' title='bbox 877 608 961 650; x_wconf 86' lang='lat' dir='ltr'>Per</span> <span class='ocrx_word' id='word_1_97' title='bbox 1000 608 1258 659; x_wconf 87' lang='lat' dir='ltr'>„adventum</span> <span class='ocrx_word' id='word_1_98' title='bbox 1291 607 1473 650; x_wconf 90' lang='lat' dir='ltr'>domini“</span> <span class='ocrx_word' id='word_1_99' title='bbox 1512 607 1639 650; x_wconf 88' lang='lat' dir='ltr'>festis</span> <span class='ocrx_word' id='word_1_100' title='bbox 1672 608 1819 651; x_wconf 89' lang='lat' dir='ltr'>diebus</span> <span class='ocrx_word' id='word_1_101' title='bbox 1850 609 1976 652; x_wconf 86' lang='lat' dir='ltr'>item-</span> 
     </span>
     <span class='ocr_line' id='line_1_57' title="bbox 938 672 1976 727; baseline -0.001 -11"><span class='ocrx_word' id='word_1_102' title='bbox 938 688 1021 727; x_wconf 90' lang='lat' dir='ltr'>que</span> <span class='ocrx_word' id='word_1_103' title='bbox 1053 677 1122 716; x_wconf 87' lang='lat' dir='ltr'>ter</span> <span class='ocrx_word' id='word_1_104' title='bbox 1152 673 1421 715; x_wconf 86' lang='lat' dir='ltr'>hebdomade</span> <span class='ocrx_word' id='word_1_105' title='bbox 1452 672 1496 714; x_wconf 91' lang='lat' dir='ltr'>in</span> <span class='ocrx_word' id='word_1_106' title='bbox 1519 672 1701 715; x_wconf 88' lang='lat' dir='ltr'>ecclesia</span> <span class='ocrx_word' id='word_1_107' title='bbox 1724 673 1976 724; x_wconf 78' lang='lat' dir='ltr'>cathedrali,</span> 
     </span>
     <span class='ocr_line' id='line_1_58' title="bbox 938 738 1978 793; baseline 0.001 -13"><span class='ocrx_word' id='word_1_108' title='bbox 938 738 1229 793; x_wconf 78' lang='lat' dir='ltr'>compluribus</span> <span class='ocrx_word' id='word_1_109' title='bbox 1274 738 1487 793; x_wconf 87' lang='lat' dir='ltr'>episcopis</span> <span class='ocrx_word' id='word_1_110' title='bbox 1531 738 1831 790; x_wconf 77' lang='lat' dir='ltr'>audientibus,</span> <span class='ocrx_word' id='word_1_111' title='bbox 1877 753 1978 781; x_wconf 87' lang='lat' dir='ltr'>eon-</span> 
     </span>
     <span class='ocr_line' id='line_1_59' title="bbox 936 804 1143 847; baseline 0.005 -1"><span class='ocrx_word' id='word_1_112' title='bbox 936 804 1143 847; x_wconf 84' lang='lat' dir='ltr'>tionatur.</span> 
     </span>
    </p>
   </div>
   <div class='ocr_carea' id='block_1_35' title="bbox 878 884 1975 919">
    <p class='ocr_par' dir='ltr' id='par_1_36' title="bbox 878 884 1975 919">
     <span class='ocr_line' id='line_1_60' title="bbox 878 884 1975 919; baseline 0 -1"><span class='ocrx_word' id='word_1_113' title='bbox 878 885 933 919; x_wconf 90' lang='lat' dir='ltr'>Ab</span> <span class='ocrx_word' id='word_1_114' title='bbox 960 885 1108 919; x_wconf 86' lang='lat' dir='ltr'>Alberto</span> <span class='ocrx_word' id='word_1_115' title='bbox 1134 885 1177 919; x_wconf 90' lang='lat' dir='ltr'>V.</span> <span class='ocrx_word' id='word_1_116' title='bbox 1205 885 1383 919; x_wconf 88' lang='lat' dir='ltr'>Bavariae</span> <span class='ocrx_word' id='word_1_117' title='bbox 1410 884 1500 919; x_wconf 88' lang='lat' dir='ltr'>duce</span> <span class='ocrx_word' id='word_1_118' title='bbox 1527 884 1570 919; x_wconf 85' lang='lat' dir='ltr'>ad</span> <span class='ocrx_word' id='word_1_119' title='bbox 1597 895 1759 918; x_wconf 88' lang='lat' dir='ltr'>mensam</span> <span class='ocrx_word' id='word_1_120' title='bbox 1786 884 1975 919; x_wconf 88' lang='lat' dir='ltr'>invitatur.</span> 
     </span>
    </p>
   </div>
   <div class='ocr_carea' id='block_1_36' title="bbox 855 937 1978 983">
    <p class='ocr_par' dir='ltr' id='par_1_37' title="bbox 855 937 1978 983">
     <span class='ocr_line' id='line_1_61' title="bbox 855 937 1978 983; baseline 0.001 -12"><span class='ocrx_word' id='word_1_121' title='bbox 855 937 970 972; x_wconf 54' lang='lat' dir='ltr'>{Cum</span> <span class='ocrx_word' id='word_1_122' title='bbox 1000 937 1270 983; x_wconf 85' lang='lat' dir='ltr'>archiepiscopo</span> <span class='ocrx_word' id='word_1_123' title='bbox 1305 937 1566 982; x_wconf 77' lang='lat' dir='ltr'>salisburgensi</span> <span class='ocrx_word' id='word_1_124' title='bbox 1603 938 1646 971; x_wconf 87' lang='lat' dir='ltr'>de</span> <span class='ocrx_word' id='word_1_125' title='bbox 1681 937 1873 972; x_wconf 83' lang='lat' dir='ltr'>Societatis</span> <span class='ocrx_word' id='word_1_126' title='bbox 1908 937 1978 972; x_wconf 89' lang='lat' dir='ltr'>col-</span> 
     </span>
    </p>
   </div>
   <div class='ocr_carea' id='block_1_37' title="bbox 938 990 1613 1035">
    <p class='ocr_par' dir='ltr' id='par_1_38' title="bbox 938 990 1613 1035">
     <span class='ocr_line' id='line_1_62' title="bbox 938 990 1613 1035; baseline 0 -10"><span class='ocrx_word' id='word_1_127' title='bbox 938 991 1032 1035; x_wconf 90' lang='lat' dir='ltr'>legio</span> <span class='ocrx_word' id='word_1_128' title='bbox 1058 992 1102 1026; x_wconf 88' lang='lat' dir='ltr'>ab</span> <span class='ocrx_word' id='word_1_129' title='bbox 1129 991 1252 1025; x_wconf 86' lang='lat' dir='ltr'>eodem</span> <span class='ocrx_word' id='word_1_130' title='bbox 1278 991 1499 1025; x_wconf 89' lang='lat' dir='ltr'>instituendo</span> <span class='ocrx_word' id='word_1_131' title='bbox 1526 990 1613 1034; x_wconf 86' lang='lat' dir='ltr'>agit.</span> 
     </span>
    </p>
   </div>
   <div class='ocr_carea' id='block_1_38' title="bbox 879 1070 1979 1301">
    <p class='ocr_par' dir='ltr' id='par_1_39' title="bbox 879 1070 1977 1124">
     <span class='ocr_line' id='line_1_63' title="bbox 879 1070 1977 1124; baseline 0.001 -13"><span class='ocrx_word' id='word_1_132' title='bbox 879 1074 1028 1123; x_wconf 71' lang='lat' dir='ltr'>Seripto</span> <span class='ocrx_word' id='word_1_133' title='bbox 1056 1075 1266 1123; x_wconf 70' lang='lat' dir='ltr'>dissuadet,</span> <span class='ocrx_word' id='word_1_134' title='bbox 1297 1087 1342 1111; x_wconf 85' lang='lat' dir='ltr'>ne</span> <span class='ocrx_word' id='word_1_135' title='bbox 1372 1075 1591 1124; x_wconf 70' lang='lat' dir='ltr'>„reliffl&#39;onls</span> <span class='ocrx_word' id='word_1_136' title='bbox 1619 1070 1870 1123; x_wconf 55' lang='grc' dir='ltr'>σοῐῖοιμιίειυι(ί</span> <span class='ocrx_word' id='word_1_137' title='bbox 1898 1074 1977 1122; x_wconf 78' lang='lat' dir='ltr'>fiat.</span> 
     </span>
    </p>

    <p class='ocr_par' dir='ltr' id='par_1_40' title="bbox 879 1133 1979 1301">
     <span class='ocr_line' id='line_1_64' title="bbox 879 1133 1978 1183; baseline 0 -13"><span class='ocrx_word' id='word_1_138' title='bbox 879 1134 1078 1182; x_wconf 65' lang='lat' dir='ltr'>Episcopis</span> <span class='ocrx_word' id='word_1_139' title='bbox 1108 1133 1337 1171; x_wconf 70' lang='lat' dir='ltr'>Germaniae</span> <span class='ocrx_word' id='word_1_140' title='bbox 1374 1134 1464 1170; x_wconf 73' lang='lat' dir='ltr'>cleri</span> <span class='ocrx_word' id='word_1_141' title='bbox 1500 1135 1809 1181; x_wconf 65' lang='lat' dir='ltr'>reformationem</span> <span class='ocrx_word' id='word_1_142' title='bbox 1838 1135 1978 1183; x_wconf 73' lang='lat' dir='ltr'>scripto</span> 
     </span>
     <span class='ocr_line' id='line_1_65' title="bbox 937 1193 1979 1241; baseline 0 -12"><span class='ocrx_word' id='word_1_143' title='bbox 937 1194 1081 1230; x_wconf 81' lang='lat' dir='ltr'>saadet.</span> <span class='ocrx_word' id='word_1_144' title='bbox 1120 1193 1320 1230; x_wconf 72' lang='lat' dir='ltr'>Cardinalt</span> <span class='ocrx_word' id='word_1_145' title='bbox 1338 1193 1565 1241; x_wconf 61' lang='grc' dir='ltr'><em>Αιιφιεῇαηο</em></span> <span class='ocrx_word' id='word_1_146' title='bbox 1592 1195 1756 1230; x_wconf 70' lang='lat' dir='ltr'>instante</span> <span class='ocrx_word' id='word_1_147' title='bbox 1784 1194 1829 1230; x_wconf 86' lang='lat' dir='ltr'>de</span> <span class='ocrx_word' id='word_1_148' title='bbox 1857 1193 1979 1240; x_wconf 71' lang='lat' dir='ltr'>officio</span> 
     </span>
     <span class='ocr_line' id='line_1_66' title="bbox 939 1252 1631 1301; baseline 0 -12"><span class='ocrx_word' id='word_1_149' title='bbox 939 1257 972 1289; x_wconf 91' lang='lat' dir='ltr'>et</span> <span class='ocrx_word' id='word_1_150' title='bbox 1000 1254 1271 1301; x_wconf 54' lang='lat' dir='ltr'>reformatione</span> <span class='ocrx_word' id='word_1_151' title='bbox 1301 1254 1462 1301; x_wconf 69' lang='lat' dir='ltr'>episcopt</span> <span class='ocrx_word' id='word_1_152' title='bbox 1490 1252 1631 1289; x_wconf 70' lang='lat' dir='ltr'>sem&#39;bit.</span> 
     </span>
    </p>
   </div>
   <div class='ocr_carea' id='block_1_39' title="bbox 880 1326 1978 1424">
    <p class='ocr_par' dir='ltr' id='par_1_41' title="bbox 880 1326 1978 1424">
     <span class='ocr_line' id='line_1_67' title="bbox 880 1326 1978 1372; baseline 0 -11"><span class='ocrx_word' id='word_1_153' title='bbox 880 1327 1079 1372; x_wconf 86' lang='lat' dir='ltr'>Episcopus</span> <span class='ocrx_word' id='word_1_154' title='bbox 1105 1327 1414 1371; x_wconf 81' lang='lat' dir='ltr'>argentoratensis</span> <span class='ocrx_word' id='word_1_155' title='bbox 1450 1339 1470 1361; x_wconf 91' lang='lat' dir='ltr'>a</span> <span class='ocrx_word' id='word_1_156' title='bbox 1496 1327 1721 1361; x_wconf 85' lang='lat' dir='ltr'>Ferdinando</span> <span class='ocrx_word' id='word_1_157' title='bbox 1755 1338 1840 1371; x_wconf 85' lang='lat' dir='ltr'>rege</span> <span class='ocrx_word' id='word_1_158' title='bbox 1876 1326 1978 1372; x_wconf 86' lang='lat' dir='ltr'>petit,</span> 
     </span>
     <span class='ocr_line' id='line_1_68' title="bbox 937 1380 1978 1424; baseline -0.001 -9"><span class='ocrx_word' id='word_1_159' title='bbox 937 1383 978 1415; x_wconf 90' lang='lat' dir='ltr'>ut</span> <span class='ocrx_word' id='word_1_160' title='bbox 996 1381 1179 1416; x_wconf 86' lang='lat' dir='ltr'>Canisium</span> <span class='ocrx_word' id='word_1_161' title='bbox 1199 1380 1340 1424; x_wconf 87' lang='lat' dir='ltr'>collegii</span> <span class='ocrx_word' id='word_1_162' title='bbox 1368 1381 1542 1415; x_wconf 83' lang='lat' dir='ltr'>condendi</span> <span class='ocrx_word' id='word_1_163' title='bbox 1563 1380 1682 1424; x_wconf 87' lang='lat' dir='ltr'>gratia</span> <span class='ocrx_word' id='word_1_164' title='bbox 1708 1380 1752 1415; x_wconf 87' lang='lat' dir='ltr'>ad</span> <span class='ocrx_word' id='word_1_165' title='bbox 1779 1392 1818 1415; x_wconf 90' lang='lat' dir='ltr'>se</span> <span class='ocrx_word' id='word_1_166' title='bbox 1843 1380 1978 1414; x_wconf 83' lang='lat' dir='ltr'>mittat.</span> 
     </span>
    </p>
   </div>
   <div class='ocr_carea' id='block_1_40' title="bbox 878 1464 1980 2055">
    <p class='ocr_par' dir='ltr' id='par_1_42' title="bbox 879 1464 1980 1691">
     <span class='ocr_line' id='line_1_69' title="bbox 879 1464 1979 1513; baseline -0.001 -11"><span class='ocrx_word' id='word_1_167' title='bbox 879 1464 1027 1502; x_wconf 69' lang='lat' dir='ltr'>Caniszsst</span> <span class='ocrx_word' id='word_1_168' title='bbox 1055 1465 1301 1502; x_wconf 75' lang='lat' dir='ltr'>catechismus</span> <span class='ocrx_word' id='word_1_169' title='bbox 1329 1466 1514 1502; x_wconf 41' lang='lat' dir='ltr'>rn&#39;ze&#39;ne‘mns</span> <span class='ocrx_word' id='word_1_170' title='bbox 1534 1466 1711 1513; x_wconf 74' lang='lat' dir='ltr'>primam</span> <span class='ocrx_word' id='word_1_171' title='bbox 1740 1465 1868 1501; x_wconf 72' lang='lat' dir='ltr'>editur</span> <span class='ocrx_word' id='word_1_172' title='bbox 1895 1477 1979 1513; x_wconf 71' lang='lat' dir='ltr'>yer-</span> 
     </span>
     <span class='ocr_line' id='line_1_70' title="bbox 937 1520 1980 1573; baseline -0.001 -12"><span class='ocrx_word' id='word_1_173' title='bbox 937 1526 1095 1562; x_wconf 70' lang='lat' dir='ltr'>mane&#39;ee.</span> <span class='ocrx_word' id='word_1_174' title='bbox 1125 1524 1290 1570; x_wconf 73' lang='lat' dir='ltr'>Quocum</span> <span class='ocrx_word' id='word_1_175' title='bbox 1312 1525 1452 1573; x_wconf 59' lang='lat' dir='ltr'>„Ritus</span> <span class='ocrx_word' id='word_1_176' title='bbox 1473 1520 1770 1561; x_wconf 37' lang='lat' dir='ltr'>communioni&amp;</span> <span class='ocrx_word' id='word_1_177' title='bbox 1792 1522 1927 1570; x_wconf 74' lang='lat' dir='ltr'>(latine</span> <span class='ocrx_word' id='word_1_178' title='bbox 1947 1528 1980 1560; x_wconf 89' lang='lat' dir='ltr'>et</span> 
     </span>
     <span class='ocr_line' id='line_1_71' title="bbox 935 1583 1980 1633; baseline -0.001 -12"><span class='ocrx_word' id='word_1_179' title='bbox 935 1583 1166 1633; x_wconf 62' lang='lat' dir='ltr'>²(Jermane‘ee)</span> <span class='ocrx_word' id='word_1_180' title='bbox 1187 1589 1221 1621; x_wconf 87' lang='lat' dir='ltr'>et</span> <span class='ocrx_word' id='word_1_181' title='bbox 1239 1596 1361 1621; x_wconf 81' lang='lat' dir='ltr'>sermo</span> <span class='ocrx_word' id='word_1_182' title='bbox 1377 1588 1464 1620; x_wconf 86' lang='lat' dir='ltr'>ante</span> <span class='ocrx_word' id='word_1_183' title='bbox 1476 1585 1773 1620; x_wconf 71' lang='lat' dir='ltr'>communionem</span> <span class='ocrx_word' id='word_1_184' title='bbox 1785 1583 1980 1620; x_wconf 77' lang='lat' dir='ltr'>habendas</span> 
     </span>
     <span class='ocr_line' id='line_1_72' title="bbox 938 1642 1978 1691; baseline -0.001 -10"><span class='ocrx_word' id='word_1_185' title='bbox 938 1643 1104 1689; x_wconf 72' lang='lat' dir='ltr'>(Cantsit</span> <span class='ocrx_word' id='word_1_186' title='bbox 1123 1655 1237 1691; x_wconf 72' lang='lat' dir='ltr'>opera</span> <span class='ocrx_word' id='word_1_187' title='bbox 1259 1644 1504 1680; x_wconf 67' lang='lat' dir='ltr'>intercedente</span> <span class='ocrx_word' id='word_1_188' title='bbox 1517 1642 1551 1689; x_wconf 67' lang='grc' dir='ltr'>ἓ)</span> <span class='ocrx_word' id='word_1_189' title='bbox 1578 1644 1678 1691; x_wconf 70' lang='lat' dir='ltr'>typis</span> <span class='ocrx_word' id='word_1_190' title='bbox 1701 1642 1978 1680; x_wconf 64' lang='lat' dir='ltr'>exscribuntur.</span> 
     </span>
    </p>

    <p class='ocr_par' dir='ltr' id='par_1_43' title="bbox 878 1700 1979 1811">
     <span class='ocr_line' id='line_1_73' title="bbox 878 1700 1979 1752; baseline -0.002 -12"><span class='ocrx_word' id='word_1_191' title='bbox 878 1702 991 1740; x_wconf 73' lang='lat' dir='ltr'>Hosc&#39;i</span> <span class='ocrx_word' id='word_1_192' title='bbox 1020 1700 1263 1752; x_wconf 52' lang='lat' dir='ltr'>„Censes-§iffi</span> <span class='ocrx_word' id='word_1_193' title='bbox 1297 1702 1409 1751; x_wconf 74' lang='lat' dir='ltr'>(pars</span> <span class='ocrx_word' id='word_1_194' title='bbox 1430 1701 1586 1751; x_wconf 72' lang='lat' dir='ltr'>prior),</span> <span class='ocrx_word' id='word_1_195' title='bbox 1625 1701 1778 1739; x_wconf 75' lang='lat' dir='ltr'>Canisio</span> <span class='ocrx_word' id='word_1_196' title='bbox 1799 1701 1979 1750; x_wconf 69' lang='lat' dir='ltr'>playnlas</span> 
     </span>
     <span class='ocr_line' id='line_1_74' title="bbox 939 1761 1796 1811; baseline 0 -13"><span class='ocrx_word' id='word_1_197' title='bbox 939 1763 1173 1811; x_wconf 77' lang='lat' dir='ltr'>emendante,</span> <span class='ocrx_word' id='word_1_198' title='bbox 1200 1762 1380 1811; x_wconf 66' lang='lat' dir='ltr'>Dite&#39;nyae</span> <span class='ocrx_word' id='word_1_199' title='bbox 1408 1763 1630 1811; x_wconf 70' lang='lat' dir='ltr'>eastiyatins</span> <span class='ocrx_word' id='word_1_200' title='bbox 1659 1761 1796 1799; x_wconf 71' lang='lat' dir='ltr'>editur.</span> 
     </span>
    </p>

    <p class='ocr_par' dir='ltr' id='par_1_44' title="bbox 880 1819 1978 1930">
     <span class='ocr_line' id='line_1_75' title="bbox 880 1819 1978 1872; baseline -0.002 -13"><span class='ocrx_word' id='word_1_201' title='bbox 880 1821 1028 1859; x_wconf 70' lang='lat' dir='ltr'>Canisic&#39;</span> <span class='ocrx_word' id='word_1_202' title='bbox 1056 1819 1267 1872; x_wconf 76' lang='lat' dir='ltr'>„Samma“</span> <span class='ocrx_word' id='word_1_203' title='bbox 1297 1822 1413 1859; x_wconf 76' lang='lat' dir='ltr'>latine</span> <span class='ocrx_word' id='word_1_204' title='bbox 1432 1825 1465 1858; x_wconf 88' lang='lat' dir='ltr'>et</span> <span class='ocrx_word' id='word_1_205' title='bbox 1484 1820 1648 1858; x_wconf 60' lang='lat' dir='ltr'>Lovam&#39;t</span> <span class='ocrx_word' id='word_1_206' title='bbox 1675 1824 1709 1858; x_wconf 89' lang='lat' dir='ltr'>et</span> <span class='ocrx_word' id='word_1_207' title='bbox 1726 1819 1875 1870; x_wconf 77' lang='lat' dir='ltr'>Leodii,</span> <span class='ocrx_word' id='word_1_208' title='bbox 1901 1820 1978 1870; x_wconf 63' lang='lat' dir='ltr'>{sal-</span> 
     </span>
     <span class='ocr_line' id='line_1_76' title="bbox 939 1881 1568 1930; baseline -0.002 -11"><span class='ocrx_word' id='word_1_209' title='bbox 939 1882 1006 1919; x_wconf 70' lang='lat' dir='ltr'>lice</span> <span class='ocrx_word' id='word_1_210' title='bbox 1034 1895 1142 1919; x_wconf 73' lang='lat' dir='ltr'>versa</span> <span class='ocrx_word' id='word_1_211' title='bbox 1170 1882 1402 1930; x_wconf 57' lang='lat' dir='ltr'>Antveiyn‘ae</span> <span class='ocrx_word' id='word_1_212' title='bbox 1431 1881 1568 1918; x_wconf 77' lang='lat' dir='ltr'>editur.</span> 
     </span>
    </p>

    <p class='ocr_par' dir='ltr' id='par_1_45' title="bbox 882 1953 1979 2055">
     <span class='ocr_line' id='line_1_77' title="bbox 882 1953 1979 1999; baseline -0.005 -7"><span class='ocrx_word' id='word_1_213' title='bbox 882 1957 1047 1992; x_wconf 88' lang='lat' dir='ltr'>Canisius</span> <span class='ocrx_word' id='word_1_214' title='bbox 1073 1955 1295 1993; x_wconf 81' lang='lat' dir='ltr'>Ratisbonae</span> <span class='ocrx_word' id='word_1_215' title='bbox 1330 1957 1367 1990; x_wconf 87' lang='lat' dir='ltr'>in</span> <span class='ocrx_word' id='word_1_216' title='bbox 1401 1957 1506 1990; x_wconf 88' lang='lat' dir='ltr'>coetu</span> <span class='ocrx_word' id='word_1_217' title='bbox 1541 1955 1696 1999; x_wconf 88' lang='lat' dir='ltr'>quodam</span> <span class='ocrx_word' id='word_1_218' title='bbox 1729 1953 1979 1998; x_wconf 86' lang='lat' dir='ltr'>theologorum</span> 
     </span>
     <span class='ocr_line' id='line_1_78' title="bbox 940 2007 1922 2055; baseline -0.005 -9"><span class='ocrx_word' id='word_1_219' title='bbox 940 2022 961 2045; x_wconf 85' lang='lat' dir='ltr'>a</span> <span class='ocrx_word' id='word_1_220' title='bbox 986 2023 1071 2055; x_wconf 84' lang='lat' dir='ltr'>rege</span> <span class='ocrx_word' id='word_1_221' title='bbox 1097 2012 1293 2046; x_wconf 88' lang='lat' dir='ltr'>convocato</span> <span class='ocrx_word' id='word_1_222' title='bbox 1319 2009 1416 2044; x_wconf 84' lang='lat' dir='ltr'>sedis</span> <span class='ocrx_word' id='word_1_223' title='bbox 1441 2007 1661 2054; x_wconf 87' lang='lat' dir='ltr'>apostolicae</span> <span class='ocrx_word' id='word_1_224' title='bbox 1685 2007 1764 2041; x_wconf 86' lang='lat' dir='ltr'>iura</span> <span class='ocrx_word' id='word_1_225' title='bbox 1788 2009 1922 2041; x_wconf 88' lang='lat' dir='ltr'>tuetur.</span> 
     </span>
    </p>
   </div>
   <div class='ocr_carea' id='block_1_41' title="bbox 879 2089 1979 2387">
    <p class='ocr_par' dir='ltr' id='par_1_46' title="bbox 879 2089 1979 2214">
     <span class='ocr_line' id='line_1_79' title="bbox 879 2089 1979 2144; baseline -0.005 -7"><span class='ocrx_word' id='word_1_226' title='bbox 879 2094 1042 2137; x_wconf 89' lang='lat' dir='ltr'>Diebus</span> <span class='ocrx_word' id='word_1_227' title='bbox 1089 2092 1312 2136; x_wconf 88' lang='lat' dir='ltr'>dominicis</span> <span class='ocrx_word' id='word_1_228' title='bbox 1359 2095 1404 2135; x_wconf 91' lang='lat' dir='ltr'>et</span> <span class='ocrx_word' id='word_1_229' title='bbox 1449 2091 1575 2134; x_wconf 87' lang='lat' dir='ltr'>festis</span> <span class='ocrx_word' id='word_1_230' title='bbox 1620 2089 1853 2144; x_wconf 89' lang='lat' dir='ltr'>(aliquibus</span> <span class='ocrx_word' id='word_1_231' title='bbox 1901 2103 1979 2132; x_wconf 84' lang='lat' dir='ltr'>ex-</span> 
     </span>
     <span class='ocr_line' id='line_1_80' title="bbox 940 2154 1978 2214; baseline -0.004 -12"><span class='ocrx_word' id='word_1_232' title='bbox 940 2159 1094 2214; x_wconf 86' lang='lat' dir='ltr'>ceptis)</span> <span class='ocrx_word' id='word_1_233' title='bbox 1127 2159 1170 2201; x_wconf 92' lang='lat' dir='ltr'>in</span> <span class='ocrx_word' id='word_1_234' title='bbox 1203 2157 1444 2201; x_wconf 88' lang='lat' dir='ltr'>cathedrali</span> <span class='ocrx_word' id='word_1_235' title='bbox 1476 2156 1659 2199; x_wconf 89' lang='lat' dir='ltr'>ecclesia</span> <span class='ocrx_word' id='word_1_236' title='bbox 1690 2154 1978 2198; x_wconf 87' lang='lat' dir='ltr'>contionatur.</span> 
     </span>
    </p>

    <p class='ocr_par' dir='ltr' id='par_1_47' title="bbox 879 2236 1973 2337">
     <span class='ocr_line' id='line_1_81' title="bbox 879 2236 1973 2283; baseline -0.005 -7"><span class='ocrx_word' id='word_1_237' title='bbox 879 2242 1030 2276; x_wconf 85' lang='lat' dir='ltr'>Ioannes</span> <span class='ocrx_word' id='word_1_238' title='bbox 1055 2240 1227 2275; x_wconf 88' lang='lat' dir='ltr'>Albertus</span> <span class='ocrx_word' id='word_1_239' title='bbox 1253 2239 1279 2274; x_wconf 86' lang='lat' dir='ltr'>I.</span> <span class='ocrx_word' id='word_1_240' title='bbox 1307 2239 1380 2273; x_wconf 83' lang='lat' dir='ltr'>dux</span> <span class='ocrx_word' id='word_1_241' title='bbox 1414 2237 1741 2283; x_wconf 83' lang='lat' dir='ltr'>megalopolitanus</span> <span class='ocrx_word' id='word_1_242' title='bbox 1776 2236 1973 2279; x_wconf 79' lang='lat' dir='ltr'>„furorem“</span> 
     </span>
     <span class='ocr_line' id='line_1_82' title="bbox 938 2291 1544 2337; baseline -0.007 -8"><span class='ocrx_word' id='word_1_243' title='bbox 938 2294 1073 2329; x_wconf 86' lang='lat' dir='ltr'>Canisii</span> <span class='ocrx_word' id='word_1_244' title='bbox 1099 2293 1340 2328; x_wconf 88' lang='lat' dir='ltr'>damnandum</span> <span class='ocrx_word' id='word_1_245' title='bbox 1365 2291 1544 2337; x_wconf 84' lang='lat' dir='ltr'>proponit.</span> 
     </span>
    </p>

    <p class='ocr_par' dir='ltr' id='par_1_48' title="bbox 879 2341 1977 2387">
     <span class='ocr_line' id='line_1_83' title="bbox 879 2341 1977 2387; baseline -0.006 -4"><span class='ocrx_word' id='word_1_246' title='bbox 879 2348 1044 2383; x_wconf 86' lang='lat' dir='ltr'>Oanisius</span> <span class='ocrx_word' id='word_1_247' title='bbox 1069 2348 1220 2382; x_wconf 88' lang='lat' dir='ltr'>Romam</span> <span class='ocrx_word' id='word_1_248' title='bbox 1246 2348 1418 2380; x_wconf 88' lang='lat' dir='ltr'>evocatur</span> <span class='ocrx_word' id='word_1_249' title='bbox 1444 2345 1489 2379; x_wconf 88' lang='lat' dir='ltr'>ad</span> <span class='ocrx_word' id='word_1_250' title='bbox 1520 2343 1835 2387; x_wconf 83' lang='lat' dir='ltr'>congregationem</span> <span class='ocrx_word' id='word_1_251' title='bbox 1862 2341 1977 2377; x_wconf 84' lang='lat' dir='ltr'>Socie-</span> 
     </span>
    </p>
   </div>
   <div class='ocr_carea' id='block_1_42' title="bbox 877 2397 1978 2490">
    <p class='ocr_par' dir='ltr' id='par_1_49' title="bbox 877 2397 1978 2490">
     <span class='ocr_line' id='line_1_84' title="bbox 924 2397 1823 2444; baseline -0.007 -8"><span class='ocrx_word' id='word_1_252' title='bbox 924 2402 1013 2436; x_wconf 86' lang='lat' dir='ltr'>tatis</span> <span class='ocrx_word' id='word_1_253' title='bbox 1039 2400 1245 2444; x_wconf 86' lang='lat' dir='ltr'>generalem</span> <span class='ocrx_word' id='word_1_254' title='bbox 1271 2411 1394 2434; x_wconf 84' lang='lat' dir='ltr'>mense</span> <span class='ocrx_word' id='word_1_255' title='bbox 1419 2398 1536 2444; x_wconf 89' lang='lat' dir='ltr'>Aprili</span> <span class='ocrx_word' id='word_1_256' title='bbox 1562 2397 1823 2432; x_wconf 87' lang='lat' dir='ltr'>celebrandam.</span> 
     </span>
     <span class='ocr_line' id='line_1_85' title="bbox 877 2448 1978 2490; baseline -0.006 0"><span class='ocrx_word' id='word_1_257' title='bbox 877 2455 1096 2490; x_wconf 86' lang='lat' dir='ltr'>Ratisbonae</span> <span class='ocrx_word' id='word_1_258' title='bbox 1122 2454 1165 2488; x_wconf 89' lang='lat' dir='ltr'>de</span> <span class='ocrx_word' id='word_1_259' title='bbox 1192 2454 1231 2488; x_wconf 92' lang='lat' dir='ltr'>B.</span> <span class='ocrx_word' id='word_1_260' title='bbox 1250 2453 1387 2487; x_wconf 88' lang='lat' dir='ltr'>Mariae</span> <span class='ocrx_word' id='word_1_261' title='bbox 1406 2452 1450 2487; x_wconf 92' lang='lat' dir='ltr'>V.</span> <span class='ocrx_word' id='word_1_262' title='bbox 1476 2451 1643 2486; x_wconf 90' lang='lat' dir='ltr'>laudibus</span> <span class='ocrx_word' id='word_1_263' title='bbox 1669 2452 1706 2484; x_wconf 89' lang='lat' dir='ltr'>et</span> <span class='ocrx_word' id='word_1_264' title='bbox 1731 2450 1773 2484; x_wconf 90' lang='lat' dir='ltr'>de</span> <span class='ocrx_word' id='word_1_265' title='bbox 1800 2448 1978 2484; x_wconf 87' lang='lat' dir='ltr'>caelibatu</span> 
     </span>
    </p>
   </div>
   <div class='ocr_carea' id='block_1_43' title="bbox 877 2506 1976 2603">
    <p class='ocr_par' dir='ltr' id='par_1_50' title="bbox 877 2506 1976 2603">
     <span class='ocr_line' id='line_1_86' title="bbox 935 2506 1420 2552; baseline -0.006 -9"><span class='ocrx_word' id='word_1_266' title='bbox 935 2509 970 2543; x_wconf 91' lang='lat' dir='ltr'>in</span> <span class='ocrx_word' id='word_1_267' title='bbox 997 2519 1136 2543; x_wconf 89' lang='lat' dir='ltr'>summo</span> <span class='ocrx_word' id='word_1_268' title='bbox 1161 2507 1295 2552; x_wconf 86' lang='lat' dir='ltr'>templo</span> <span class='ocrx_word' id='word_1_269' title='bbox 1321 2506 1420 2541; x_wconf 87' lang='lat' dir='ltr'>dicit.</span> 
     </span>
     <span class='ocr_line' id='line_1_87' title="bbox 877 2554 1976 2603; baseline -0.006 -7"><span class='ocrx_word' id='word_1_270' title='bbox 877 2562 1049 2596; x_wconf 88' lang='lat' dir='ltr'>Iudaeum</span> <span class='ocrx_word' id='word_1_271' title='bbox 1087 2561 1123 2594; x_wconf 91' lang='lat' dir='ltr'>in</span> <span class='ocrx_word' id='word_1_272' title='bbox 1162 2561 1304 2594; x_wconf 87' lang='lat' dir='ltr'>domum</span> <span class='ocrx_word' id='word_1_273' title='bbox 1343 2570 1445 2594; x_wconf 88' lang='lat' dir='ltr'>suam</span> <span class='ocrx_word' id='word_1_274' title='bbox 1483 2557 1612 2603; x_wconf 84' lang='lat' dir='ltr'>recipit</span> <span class='ocrx_word' id='word_1_275' title='bbox 1653 2568 1756 2591; x_wconf 87' lang='lat' dir='ltr'>sacro</span> <span class='ocrx_word' id='word_1_276' title='bbox 1797 2554 1976 2601; x_wconf 87' lang='lat' dir='ltr'>baptismo</span> 
     </span>
    </p>
   </div>
   <div class='ocr_carea' id='block_1_44' title="bbox 937 2614 1236 2661">
    <p class='ocr_par' dir='ltr' id='par_1_51' title="bbox 937 2614 1236 2661">
     <span class='ocr_line' id='line_1_88' title="bbox 937 2614 1236 2661; baseline -0.007 -11"><span class='ocrx_word' id='word_1_277' title='bbox 937 2614 1236 2661; x_wconf 86' lang='lat' dir='ltr'>praeparandum.</span> 
     </span>
    </p>
   </div>
   <div class='ocr_carea' id='block_1_45' title="bbox 879 2692 1975 2807">
    <p class='ocr_par' dir='ltr' id='par_1_52' title="bbox 879 2692 1975 2807">
     <span class='ocr_line' id='line_1_89' title="bbox 879 2692 1975 2745; baseline -0.008 -8"><span class='ocrx_word' id='word_1_278' title='bbox 879 2698 1151 2737; x_wconf 76' lang='lat' dir='ltr'>Cateelzismmn</span> <span class='ocrx_word' id='word_1_279' title='bbox 1173 2699 1215 2735; x_wconf 77' lang='lat' dir='ltr'>in</span> <span class='ocrx_word' id='word_1_280' title='bbox 1236 2709 1350 2734; x_wconf 49' lang='lat' dir='ltr'>«usum</span> <span class='ocrx_word' id='word_1_281' title='bbox 1371 2706 1586 2745; x_wconf 75' lang='lat' dir='ltr'>puerorum</span> <span class='ocrx_word' id='word_1_282' title='bbox 1613 2705 1637 2730; x_wconf 86' lang='lat' dir='ltr'>a</span> <span class='ocrx_word' id='word_1_283' title='bbox 1666 2705 1705 2730; x_wconf 80' lang='lat' dir='ltr'>se</span> <span class='ocrx_word' id='word_1_284' title='bbox 1732 2692 1975 2741; x_wconf 69' lang='lat' dir='ltr'>eonepositmn</span> 
     </span>
     <span class='ocr_line' id='line_1_90' title="bbox 937 2752 1836 2807; baseline -0.009 -11"><span class='ocrx_word' id='word_1_285' title='bbox 937 2759 1105 2807; x_wconf 72' lang='lat' dir='ltr'>altosque</span> <span class='ocrx_word' id='word_1_286' title='bbox 1132 2757 1272 2794; x_wconf 67' lang='lat' dir='ltr'>libellos</span> <span class='ocrx_word' id='word_1_287' title='bbox 1300 2757 1400 2805; x_wconf 74' lang='lat' dir='ltr'>typis</span> <span class='ocrx_word' id='word_1_288' title='bbox 1429 2752 1689 2791; x_wconf 67' lang='lat' dir='ltr'>exscribendos</span> <span class='ocrx_word' id='word_1_289' title='bbox 1716 2756 1836 2789; x_wconf 63' lang='lat' dir='ltr'>cierat.</span> 
     </span>
    </p>
   </div>
   <div class='ocr_carea' id='block_1_46' title="bbox 877 2825 1973 2922">
    <p class='ocr_par' dir='ltr' id='par_1_53' title="bbox 877 2825 1973 2922">
     <span class='ocr_line' id='line_1_91' title="bbox 877 2825 1973 2872; baseline -0.009 -4"><span class='ocrx_word' id='word_1_290' title='bbox 877 2833 930 2868; x_wconf 88' lang='lat' dir='ltr'>De</span> <span class='ocrx_word' id='word_1_291' title='bbox 957 2833 1138 2868; x_wconf 86' lang='lat' dir='ltr'>caelibatu</span> <span class='ocrx_word' id='word_1_292' title='bbox 1164 2843 1245 2866; x_wconf 88' lang='lat' dir='ltr'>cum</span> <span class='ocrx_word' id='word_1_293' title='bbox 1272 2829 1396 2872; x_wconf 84' lang='lat' dir='ltr'>Gallo,</span> <span class='ocrx_word' id='word_1_294' title='bbox 1423 2827 1620 2869; x_wconf 81' lang='lat' dir='ltr'>Scalichio,</span> <span class='ocrx_word' id='word_1_295' title='bbox 1645 2825 1880 2872; x_wconf 84' lang='lat' dir='ltr'>Nydpruckio</span> <span class='ocrx_word' id='word_1_296' title='bbox 1906 2825 1973 2859; x_wconf 88' lang='lat' dir='ltr'>ete.</span> 
     </span>
     <span class='ocr_line' id='line_1_92' title="bbox 938 2886 1094 2922; baseline -0.006 -1"><span class='ocrx_word' id='word_1_297' title='bbox 938 2886 1094 2922; x_wconf 89' lang='lat' dir='ltr'>disserit.</span> 
     </span>
    </p>
   </div>
   <div class='ocr_carea' id='block_1_47' title="bbox 878 2959 1974 3208">
    <p class='ocr_par' dir='ltr' id='par_1_54' title="bbox 878 2959 1974 3208">
     <span class='ocr_line' id='line_1_93' title="bbox 878 2959 1974 3012; baseline -0.011 1"><span class='ocrx_word' id='word_1_298' title='bbox 878 2970 928 3012; x_wconf 94' lang='lat' dir='ltr'>In</span> <span class='ocrx_word' id='word_1_299' title='bbox 977 2969 1161 3012; x_wconf 88' lang='lat' dir='ltr'>comitiis</span> <span class='ocrx_word' id='word_1_300' title='bbox 1212 2963 1585 3010; x_wconf 88' lang='lat' dir='ltr'>ratisbonensibus</span> <span class='ocrx_word' id='word_1_301' title='bbox 1636 2962 1874 3005; x_wconf 87' lang='lat' dir='ltr'>collocutor</span> <span class='ocrx_word' id='word_1_302' title='bbox 1919 2959 1974 3002; x_wconf 89' lang='lat' dir='ltr'>ab</span> 
     </span>
     <span class='ocr_line' id='line_1_94' title="bbox 937 3026 1973 3086; baseline -0.011 -9"><span class='ocrx_word' id='word_1_303' title='bbox 937 3034 1157 3076; x_wconf 91' lang='lat' dir='ltr'>ordinibus</span> <span class='ocrx_word' id='word_1_304' title='bbox 1178 3030 1346 3086; x_wconf 87' lang='lat' dir='ltr'>imperii</span> <span class='ocrx_word' id='word_1_305' title='bbox 1369 3028 1595 3072; x_wconf 88' lang='lat' dir='ltr'>catholicis</span> <span class='ocrx_word' id='word_1_306' title='bbox 1617 3026 1871 3081; x_wconf 86' lang='lat' dir='ltr'>designatur</span> <span class='ocrx_word' id='word_1_307' title='bbox 1894 3037 1973 3078; x_wconf 88' lang='lat' dir='ltr'>pro</span> 
     </span>
     <span class='ocr_line' id='line_1_95' title="bbox 937 3089 1974 3153; baseline -0.012 -11"><span class='ocrx_word' id='word_1_308' title='bbox 937 3099 1149 3153; x_wconf 90' lang='lat' dir='ltr'>colloquio</span> <span class='ocrx_word' id='word_1_309' title='bbox 1170 3095 1425 3140; x_wconf 88' lang='lat' dir='ltr'>Vormatiae</span> <span class='ocrx_word' id='word_1_310' title='bbox 1448 3095 1500 3137; x_wconf 93' lang='lat' dir='ltr'>de</span> <span class='ocrx_word' id='word_1_311' title='bbox 1529 3092 1739 3147; x_wconf 86' lang='lat' dir='ltr'>religione</span> <span class='ocrx_word' id='word_1_312' title='bbox 1770 3104 1867 3133; x_wconf 86' lang='lat' dir='ltr'>cum</span> <span class='ocrx_word' id='word_1_313' title='bbox 1887 3089 1974 3131; x_wconf 93' lang='lat' dir='ltr'>Lu-</span> 
     </span>
     <span class='ocr_line' id='line_1_96' title="bbox 935 3162 1373 3208; baseline -0.009 -1"><span class='ocrx_word' id='word_1_314' title='bbox 935 3163 1131 3208; x_wconf 88' lang='lat' dir='ltr'>theranis</span> <span class='ocrx_word' id='word_1_315' title='bbox 1162 3162 1373 3205; x_wconf 90' lang='lat' dir='ltr'>habendo.</span> 
     </span>
    </p>
   </div>
  </div>
 </body>
</html>
