2110 3412
928 100 1123 134 Praefatio.
1513 93 1517 98 ⁵
1848 111 1917 139 VII

140 221 359 276 patribus,
402 220 612 275 imprimis
655 220 745 262 RR.
790 220 873 262 PP.
909 219 1063 261 Carolo
1106 217 1454 270 Sommervogel,
1498 215 1729 258 Francisco
1770 215 1916 266 Ehrle,

142 292 335 335 Gerardo
382 291 638 341 Gietmann,
685 290 873 333 omnium
920 304 1023 332 vero
1068 288 1257 331 maxime
1302 288 1352 330 R.
1400 288 1445 330 P.
1493 287 1644 329 Ioanni
1688 286 1918 341 Baptistae

140 378 227 406 van
265 363 425 405 Meurs.

259 435 502 488 Repetens,
547 447 657 486 quae
689 433 732 475 in
764 432 890 487 primi
924 431 1155 474 voluminis
1194 430 1468 485 praefatione
1502 428 1612 479 dixi,
1657 442 1806 470 omnes
1838 427 1918 470 im-

140 519 273 560 pense
305 519 425 558 rogo,
459 508 519 555 ut,
555 505 591 547 si
623 505 737 547 forte
771 503 1002 558 epistulam
1036 502 1301 544 canisianam
1334 502 1404 543 vel
1437 500 1599 554 aliquid
1622 500 1675 542 ad
1700 499 1917 541 Canisium

142 590 412 630 quacumque
469 576 638 619 ratione
695 578 900 630 spectans
958 573 1346 628 deprehenderint,
1405 571 1509 613 mihi
1565 570 1812 624 significare
1864 584 1918 612 ne

141 651 394 702 graventur.

261 726 353 767 Deo
386 724 575 779 propitio
608 738 733 778 spero
767 723 882 773 fore,
928 724 976 764 ut
1010 736 1064 763 ex
1097 721 1170 772 iis,
1215 735 1326 774 quae
1367 720 1448 761 hoc
1491 718 1709 761 volumine
1750 717 1919 772 positae

142 799 266 848 sunt,
308 796 469 839 litteris
510 794 886 847 monumentisque
920 794 1112 844 eluceat,
1156 806 1285 846 quain
1318 805 1421 833 vere
1454 790 1761 844 sapienterque
1793 803 1919 831 sanc-

141 868 334 912 tissimus
366 870 493 922 pater
524 868 674 908 noster
705 865 816 908 LEO
850 865 966 908 XIII.
1000 865 1045 906 in
1076 863 1259 914 litteris,
1294 877 1402 916 quas
1434 862 1561 904 modo
1594 860 1784 911 laudavi,
1818 875 1918 914 pro-

142 939 432 981 nuntiaverit:
478 939 664 980 Beatum
698 937 878 979 Petrum
910 935 1150 985 Canisium,
1191 933 1381 987 „regiam
1413 934 1637 976 tenentem
1670 931 1787 973 viam
1818 945 1919 985 pro-

142 1011 343 1053 batorum
377 1009 551 1051 scholae
585 1008 848 1051 christianae
879 1008 1147 1057 doctorum“,
1189 1019 1335 1058 „arma
1359 1003 1605 1047 doctrinae“
1641 1004 1920 1053 „constanter

142 1082 401 1131 tractasse“,
441 1081 610 1135 „apte“,
652 1080 955 1134 „prudenter“‚
996 1091 1159 1131 „neque
1191 1076 1329 1118 solum
1364 1073 1619 1130 opportunis
1644 1072 1920 1115 concionibus

144 1155 221 1195 aut
265 1151 514 1207 disputandi
546 1151 812 1201 subtilitate,
856 1150 931 1192 sed
973 1148 1132 1191 scholis
1170 1146 1427 1202 praesertim
1460 1144 1674 1188 institutis
1707 1143 1919 1196 editisque

145 1223 318 1279 optimis
350 1223 493 1265 libris“
534 1223 586 1265 de
618 1222 778 1266 litteris
811 1236 862 1264 ac
894 1221 1104 1275 religione
1137 1219 1299 1274 optime
1333 1231 1428 1260 esse
1460 1217 1676 1259 meritum.

263 1359 451 1402 Emeten
487 1372 621 1413 prope
654 1357 901 1399 Roermond
935 1355 996 1409 (in
1034 1352 1295 1407 Hollandia),
1330 1353 1398 1395 die
1432 1354 1470 1395 6.
1496 1350 1758 1393 Novembris
1790 1351 1917 1392 1897.

1624 1558 1849 1653 Editor.
