<?xml version="1.0" encoding="UTF-8"?>
<!DOCTYPE html PUBLIC "-//W3C//DTD XHTML 1.0 Transitional//EN"
    "http://www.w3.org/TR/xhtml1/DTD/xhtml1-transitional.dtd">
<html xmlns="http://www.w3.org/1999/xhtml" xml:lang="en" lang="en">
 <head>
  <title>
</title>
<meta http-equiv="Content-Type" content="text/html;charset=utf-8" />
  <meta name='ocr-system' content='tesseract 3.04.00' />
  <meta name='ocr-capabilities' content='ocr_page ocr_carea ocr_par ocr_line ocrx_word'/>
</head>
<body>
  <div class='ocr_page' id='page_1' title='image "beatipetricanisi02cani_0227.png"; bbox 0 0 2142 3455; ppageno 0'>
   <div class='ocr_carea' id='block_1_1' title="bbox 694 169 1894 212">
    <p class='ocr_par' dir='ltr' id='par_1_1' title="bbox 694 169 1894 212">
     <span class='ocr_line' id='line_1_1' title="bbox 694 169 1894 212; baseline 0.001 -8"><span class='ocrx_word' id='word_1_1' title='bbox 694 170 878 204; x_wconf 80' lang='lat' dir='ltr'>Vormatia</span> <span class='ocrx_word' id='word_1_2' title='bbox 908 170 960 204; x_wconf 71' lang='lat'>18.</span> <span class='ocrx_word' id='word_1_3' title='bbox 988 169 1201 204; x_wconf 84' lang='lat' dir='ltr'>Novembris</span> <span class='ocrx_word' id='word_1_4' title='bbox 1231 170 1331 204; x_wconf 77' lang='lat'>1557.</span> <span class='ocrx_word' id='word_1_5' title='bbox 1813 172 1894 212; x_wconf 73' lang='lat'>159</span> 
     </span>
    </p>
   </div>
   <div class='ocr_carea' id='block_1_2' title="bbox 128 285 1898 2625">
    <p class='ocr_par' dir='ltr' id='par_1_2' title="bbox 128 285 1897 1316">
     <span class='ocr_line' id='line_1_2' title="bbox 249 285 1897 341; baseline 0.001 -14"><span class='ocrx_word' id='word_1_6' title='bbox 249 285 410 340; x_wconf 77' lang='lat' dir='ltr'>Scripsi</span> <span class='ocrx_word' id='word_1_7' title='bbox 441 300 599 328; x_wconf 88' lang='lat' dir='ltr'>suaves</span> <span class='ocrx_word' id='word_1_8' title='bbox 631 287 770 327; x_wconf 68' lang='lat' dir='ltr'>donae</span> <span class='ocrx_word' id='word_1_9' title='bbox 803 286 975 335; x_wconf 90' lang='lat' dir='ltr'>literas,</span> <span class='ocrx_word' id='word_1_10' title='bbox 1017 286 1051 327; x_wconf 92' lang='lat' dir='ltr'>si</span> <span class='ocrx_word' id='word_1_11' title='bbox 1085 286 1185 339; x_wconf 87' lang='lat' dir='ltr'>quid</span> <span class='ocrx_word' id='word_1_12' title='bbox 1219 286 1439 328; x_wconf 78' lang='lat' dir='ltr'>blanditiis</span> <span class='ocrx_word' id='word_1_13' title='bbox 1472 286 1586 340; x_wconf 85' lang='lat' dir='ltr'>apud</span> <span class='ocrx_word' id='word_1_14' title='bbox 1619 301 1715 328; x_wconf 88' lang='grc'><strong>011111</strong></span> <span class='ocrx_word' id='word_1_15' title='bbox 1749 287 1897 341; x_wconf 84' lang='lat' dir='ltr'>profici</span> 
     </span>
     <span class='ocr_line' id='line_1_3' title="bbox 129 350 1894 406; baseline 0.002 -15"><span class='ocrx_word' id='word_1_16' title='bbox 129 351 287 404; x_wconf 79' lang='lat' dir='ltr'>potest.</span> <span class='ocrx_word' id='word_1_17' title='bbox 346 350 404 393; x_wconf 88' lang='lat' dir='ltr'>M.</span> <span class='ocrx_word' id='word_1_18' title='bbox 441 351 728 394; x_wconf 82' lang='lat' dir='ltr'>Scorichium‘¹</span> <span class='ocrx_word' id='word_1_19' title='bbox 760 351 873 392; x_wconf 90' lang='lat' dir='ltr'>male</span> <span class='ocrx_word' id='word_1_20' title='bbox 906 352 1053 393; x_wconf 85' lang='lat' dir='ltr'>valere</span> <span class='ocrx_word' id='word_1_21' title='bbox 1086 351 1235 400; x_wconf 90' lang='lat' dir='ltr'>audio,</span> <span class='ocrx_word' id='word_1_22' title='bbox 1285 351 1464 394; x_wconf 88' lang='lat' dir='ltr'>Utinam</span> <span class='ocrx_word' id='word_1_23' title='bbox 1498 366 1677 406; x_wconf 87' lang='lat' dir='ltr'>corpore</span> <span class='ocrx_word' id='word_1_24' title='bbox 1709 356 1894 395; x_wconf 86' lang='lat' dir='ltr'>tantum.</span> 
     </span>
     <span class='ocr_line' id='line_1_4' title="bbox 130 415 1896 469; baseline 0.003 -14"><span class='ocrx_word' id='word_1_25' title='bbox 130 415 194 456; x_wconf 90' lang='lat' dir='ltr'>De</span> <span class='ocrx_word' id='word_1_26' title='bbox 225 429 265 469; x_wconf 91' lang='lat' dir='ltr'>p.</span> <span class='ocrx_word' id='word_1_27' title='bbox 301 415 529 458; x_wconf 89' lang='lat' dir='ltr'>Ambrosio</span> <span class='ocrx_word' id='word_1_28' title='bbox 571 415 675 458; x_wconf 88' lang='lat' dir='ltr'>nihil</span> <span class='ocrx_word' id='word_1_29' title='bbox 716 429 905 469; x_wconf 86' lang='lat' dir='ltr'>unquam</span> <span class='ocrx_word' id='word_1_30' title='bbox 946 416 1029 457; x_wconf 88' lang='lat' dir='ltr'>nisi</span> <span class='ocrx_word' id='word_1_31' title='bbox 1070 416 1183 469; x_wconf 89' lang='lat' dir='ltr'>quod</span> <span class='ocrx_word' id='word_1_32' title='bbox 1215 416 1453 458; x_wconf 76' lang='lat' dir='ltr'>Bononiam</span> <span class='ocrx_word' id='word_1_33' title='bbox 1492 417 1662 460; x_wconf 88' lang='lat' dir='ltr'>venerit</span> <span class='ocrx_word' id='word_1_34' title='bbox 1694 417 1896 466; x_wconf 82' lang='lat' dir='ltr'>rescivi1,</span> 
     </span>
     <span class='ocr_line' id='line_1_5' title="bbox 129 478 1897 535; baseline 0.002 -14"><span class='ocrx_word' id='word_1_35' title='bbox 129 479 186 522; x_wconf 89' lang='lat' dir='ltr'>M.</span> <span class='ocrx_word' id='word_1_36' title='bbox 223 480 495 523; x_wconf 82' lang='lat' dir='ltr'>Gnilielmum</span> <span class='ocrx_word' id='word_1_37' title='bbox 538 478 818 523; x_wconf 73' lang='grc'>11111113311111”2</span> <span class='ocrx_word' id='word_1_38' title='bbox 860 484 1036 534; x_wconf 89' lang='lat' dir='ltr'>praeter</span> <span class='ocrx_word' id='word_1_39' title='bbox 1077 481 1426 535; x_wconf 69' lang='lat' dir='ltr'>expectationem</span> <span class='ocrx_word' id='word_1_40' title='bbox 1473 482 1629 523; x_wconf 84' lang='lat' dir='ltr'>offendi</span> <span class='ocrx_word' id='word_1_41' title='bbox 1670 482 1711 523; x_wconf 90' lang='lat' dir='ltr'>in</span> <span class='ocrx_word' id='word_1_42' title='bbox 1756 483 1897 524; x_wconf 81' lang='lat' dir='ltr'>culina</span> 
     </span>
     <span class='ocr_line' id='line_1_6' title="bbox 129 544 1897 602; baseline 0.002 -16"><span class='ocrx_word' id='word_1_43' title='bbox 129 544 369 587; x_wconf 80' lang='lat' dir='ltr'>Coloniensi</span> <span class='ocrx_word' id='word_1_44' title='bbox 402 547 516 601; x_wconf 87' lang='lat' dir='ltr'>apud</span> <span class='ocrx_word' id='word_1_45' title='bbox 549 548 720 588; x_wconf 87' lang='lat' dir='ltr'>nostros</span> <span class='ocrx_word' id='word_1_46' title='bbox 752 548 1022 599; x_wconf 85' lang='lat' dir='ltr'>occupatum.</span> <span class='ocrx_word' id='word_1_47' title='bbox 1074 547 1234 589; x_wconf 85' lang='lat' dir='ltr'>Doctor</span> <span class='ocrx_word' id='word_1_48' title='bbox 1257 546 1434 588; x_wconf 88' lang='lat' dir='ltr'>Tilanus</span> <span class='ocrx_word' id='word_1_49' title='bbox 1468 547 1567 599; x_wconf 89' lang='lat' dir='ltr'>quid</span> <span class='ocrx_word' id='word_1_50' title='bbox 1600 550 1706 600; x_wconf 87' lang='lat' dir='ltr'>agat</span> <span class='ocrx_word' id='word_1_51' title='bbox 1733 550 1777 590; x_wconf 90' lang='lat' dir='ltr'>et</span> <span class='ocrx_word' id='word_1_52' title='bbox 1799 551 1897 602; x_wconf 87' lang='lat' dir='ltr'>post</span> 
     </span>
     <span class='ocr_line' id='line_1_7' title="bbox 128 610 1895 666; baseline 0.002 -15"><span class='ocrx_word' id='word_1_53' title='bbox 128 610 342 664; x_wconf 85' lang='lat' dir='ltr'>promissa</span> <span class='ocrx_word' id='word_1_54' title='bbox 374 614 590 666; x_wconf 81' lang='lat' dir='ltr'>praestet,</span> <span class='ocrx_word' id='word_1_55' title='bbox 624 611 776 652; x_wconf 90' lang='lat' dir='ltr'>lubens</span> <span class='ocrx_word' id='word_1_56' title='bbox 809 610 994 653; x_wconf 89' lang='lat' dir='ltr'>audiam.</span> <span class='ocrx_word' id='word_1_57' title='bbox 1059 611 1342 653; x_wconf 83' lang='lat' dir='ltr'>Leonardus3</span> <span class='ocrx_word' id='word_1_58' title='bbox 1375 612 1534 661; x_wconf 88' lang='lat' dir='ltr'>frater,</span> <span class='ocrx_word' id='word_1_59' title='bbox 1570 613 1639 666; x_wconf 90' lang='lat' dir='ltr'>qui</span> <span class='ocrx_word' id='word_1_60' title='bbox 1675 614 1895 655; x_wconf 88' lang='lat' dir='ltr'>nobiscum</span> 
     </span>
     <span class='ocr_line' id='line_1_8' title="bbox 129 675 1894 731; baseline 0.002 -14"><span class='ocrx_word' id='word_1_61' title='bbox 129 689 184 717; x_wconf 86' lang='lat' dir='ltr'>ex</span> <span class='ocrx_word' id='word_1_62' title='bbox 202 675 331 718; x_wconf 86' lang='lat' dir='ltr'>Italia</span> <span class='ocrx_word' id='word_1_63' title='bbox 353 676 494 723; x_wconf 84' lang='lat' dir='ltr'>rediit.</span> <span class='ocrx_word' id='word_1_64' title='bbox 519 676 683 718; x_wconf 86' lang='lat' dir='ltr'>scilicet</span> <span class='ocrx_word' id='word_1_65' title='bbox 701 678 744 718; x_wconf 87' lang='lat' dir='ltr'>et</span> <span class='ocrx_word' id='word_1_66' title='bbox 761 675 1056 717; x_wconf 84' lang='lat' dir='ltr'>valetudinem</span> <span class='ocrx_word' id='word_1_67' title='bbox 1075 679 1118 718; x_wconf 88' lang='lat' dir='ltr'>et</span> <span class='ocrx_word' id='word_1_68' title='bbox 1137 676 1281 718; x_wconf 86' lang='lat' dir='ltr'>studia</span> <span class='ocrx_word' id='word_1_69' title='bbox 1300 679 1542 727; x_wconf 85' lang='lat' dir='ltr'>curaturus,</span> <span class='ocrx_word' id='word_1_70' title='bbox 1568 678 1661 731; x_wconf 87' lang='lat' dir='ltr'>agit</span> <span class='ocrx_word' id='word_1_71' title='bbox 1679 678 1894 720; x_wconf 79' lang='lat' dir='ltr'>Coloniae..</span> 
     </span>
     <span class='ocr_line' id='line_1_9' title="bbox 130 740 1896 796; baseline 0.002 -15"><span class='ocrx_word' id='word_1_72' title='bbox 130 740 212 782; x_wconf 86' lang='lat' dir='ltr'>Pro</span> <span class='ocrx_word' id='word_1_73' title='bbox 246 755 329 794; x_wconf 89' lang='lat' dir='ltr'>quo</span> <span class='ocrx_word' id='word_1_74' title='bbox 363 742 518 784; x_wconf 88' lang='lat' dir='ltr'>missus</span> <span class='ocrx_word' id='word_1_75' title='bbox 551 741 605 784; x_wconf 87' lang='lat' dir='ltr'>ad</span> <span class='ocrx_word' id='word_1_76' title='bbox 638 755 715 782; x_wconf 90' lang='lat' dir='ltr'>nos</span> <span class='ocrx_word' id='word_1_77' title='bbox 754 740 836 782; x_wconf 86' lang='lat' dir='ltr'>fuit</span> <span class='ocrx_word' id='word_1_78' title='bbox 869 740 1115 795; x_wconf 74' lang='lat' dir='ltr'>Stephanus</span> <span class='ocrx_word' id='word_1_79' title='bbox 1148 741 1326 783; x_wconf 75' lang='lat' dir='ltr'>Carolus</span> <span class='ocrx_word' id='word_1_80' title='bbox 1360 742 1597 796; x_wconf 81' lang='lat' dir='ltr'>Spirensis,</span> <span class='ocrx_word' id='word_1_81' title='bbox 1641 757 1718 785; x_wconf 89' lang='grc'><strong>1100</strong></span> <span class='ocrx_word' id='word_1_82' title='bbox 1760 744 1896 785; x_wconf 86' lang='grc'><strong>11111110</strong></span> 
     </span>
     <span class='ocr_line' id='line_1_10' title="bbox 129 805 1896 861; baseline 0.002 -14"><span class='ocrx_word' id='word_1_83' title='bbox 129 808 227 860; x_wconf 87' lang='lat' dir='ltr'>post</span> <span class='ocrx_word' id='word_1_84' title='bbox 260 821 286 848; x_wconf 90' lang='lat' dir='ltr'>a</span> <span class='ocrx_word' id='word_1_85' title='bbox 318 807 440 849; x_wconf 87' lang='lat' dir='ltr'>nobis</span> <span class='ocrx_word' id='word_1_86' title='bbox 482 807 687 849; x_wconf 89' lang='lat' dir='ltr'>remissus</span> <span class='ocrx_word' id='word_1_87' title='bbox 729 806 780 847; x_wconf 86' lang='lat' dir='ltr'>ob</span> <span class='ocrx_word' id='word_1_88' title='bbox 823 805 1073 848; x_wconf 87' lang='lat' dir='ltr'>diuturnum</span> <span class='ocrx_word' id='word_1_89' title='bbox 1114 806 1392 859; x_wconf 78' lang='lat' dir='ltr'>languorem,</span> <span class='ocrx_word' id='word_1_90' title='bbox 1436 810 1484 849; x_wconf 91' lang='lat' dir='ltr'>ut</span> <span class='ocrx_word' id='word_1_91' title='bbox 1524 822 1603 849; x_wconf 86' lang='lat' dir='ltr'>nec</span> <span class='ocrx_word' id='word_1_92' title='bbox 1645 808 1726 849; x_wconf 89' lang='lat' dir='ltr'>sibi</span> <span class='ocrx_word' id='word_1_93' title='bbox 1757 822 1896 861; x_wconf 87' lang='lat' dir='ltr'>neque</span> 
     </span>
     <span class='ocr_line' id='line_1_11' title="bbox 130 870 1896 926; baseline 0.001 -14"><span class='ocrx_word' id='word_1_94' title='bbox 130 871 251 913; x_wconf 86' lang='lat' dir='ltr'>nobis</span> <span class='ocrx_word' id='word_1_95' title='bbox 284 872 391 915; x_wconf 83' lang='lat' dir='ltr'>satis</span> <span class='ocrx_word' id='word_1_96' title='bbox 423 872 466 914; x_wconf 92' lang='grc'>111</span> <span class='ocrx_word' id='word_1_97' title='bbox 498 871 783 914; x_wconf 88' lang='lat' dir='ltr'>ministrando</span> <span class='ocrx_word' id='word_1_98' title='bbox 815 870 995 913; x_wconf 89' lang='lat' dir='ltr'>idoneus</span> <span class='ocrx_word' id='word_1_99' title='bbox 1023 873 1152 913; x_wconf 86' lang='lat' dir='ltr'>esset.</span> <span class='ocrx_word' id='word_1_100' title='bbox 1208 871 1334 913; x_wconf 91' lang='lat' dir='ltr'>Nunc</span> <span class='ocrx_word' id='word_1_101' title='bbox 1367 886 1422 913; x_wconf 79' lang='lat' dir='ltr'>ex</span> <span class='ocrx_word' id='word_1_102' title='bbox 1455 875 1608 926; x_wconf 79' lang='lat' dir='ltr'>egroto</span> <span class='ocrx_word' id='word_1_103' title='bbox 1631 887 1733 915; x_wconf 83' lang='lat' dir='ltr'>vere</span> <span class='ocrx_word' id='word_1_104' title='bbox 1766 888 1896 915; x_wconf 82' lang='lat' dir='ltr'>sanus</span> 
     </span>
     <span class='ocr_line' id='line_1_12' title="bbox 130 935 1894 991; baseline 0.002 -14"><span class='ocrx_word' id='word_1_105' title='bbox 130 936 284 987; x_wconf 84' lang='lat' dir='ltr'>evasit,</span> <span class='ocrx_word' id='word_1_106' title='bbox 319 951 369 979; x_wconf 87' lang='lat' dir='ltr'>ac</span> <span class='ocrx_word' id='word_1_107' title='bbox 402 940 584 980; x_wconf 87' lang='lat' dir='ltr'>mortem</span> <span class='ocrx_word' id='word_1_108' title='bbox 611 939 791 979; x_wconf 88' lang='lat' dir='ltr'>aeterna</span> <span class='ocrx_word' id='word_1_109' title='bbox 823 935 918 978; x_wconf 84' lang='lat' dir='ltr'>vita</span> <span class='ocrx_word' id='word_1_110' title='bbox 952 936 1237 979; x_wconf 87' lang='lat' dir='ltr'>commutavit</span> <span class='ocrx_word' id='word_1_111' title='bbox 1269 939 1371 979; x_wconf 91' lang='lat' dir='ltr'>ante</span> <span class='ocrx_word' id='word_1_112' title='bbox 1404 951 1566 991; x_wconf 87' lang='lat' dir='ltr'>paucas</span> <span class='ocrx_word' id='word_1_113' title='bbox 1589 938 1894 987; x_wconf 75' lang='lat' dir='ltr'>hebdomadas,</span> 
     </span>
     <span class='ocr_line' id='line_1_13' title="bbox 130 1002 1896 1056; baseline 0.001 -13"><span class='ocrx_word' id='word_1_114' title='bbox 130 1004 177 1044; x_wconf 88' lang='lat' dir='ltr'>ut</span> <span class='ocrx_word' id='word_1_115' title='bbox 209 1002 245 1043; x_wconf 90' lang='lat' dir='ltr'>si</span> <span class='ocrx_word' id='word_1_116' title='bbox 277 1003 515 1045; x_wconf 87' lang='lat' dir='ltr'>salutarem</span> <span class='ocrx_word' id='word_1_117' title='bbox 547 1002 638 1056; x_wconf 87' lang='lat' dir='ltr'>ejus</span> <span class='ocrx_word' id='word_1_118' title='bbox 671 1002 790 1044; x_wconf 84' lang='lat' dir='ltr'>vitae</span> <span class='ocrx_word' id='word_1_119' title='bbox 822 1002 951 1043; x_wconf 90' lang='lat' dir='ltr'>finem</span> <span class='ocrx_word' id='word_1_120' title='bbox 983 1004 1250 1056; x_wconf 81' lang='lat' dir='ltr'>spectemus,</span> <span class='ocrx_word' id='word_1_121' title='bbox 1286 1016 1370 1044; x_wconf 88' lang='lat' dir='ltr'>non</span> <span class='ocrx_word' id='word_1_122' title='bbox 1403 1002 1616 1056; x_wconf 89' lang='lat' dir='ltr'>possimus</span> <span class='ocrx_word' id='word_1_123' title='bbox 1648 1003 1708 1044; x_wconf 89' lang='lat' dir='ltr'>illi</span> <span class='ocrx_word' id='word_1_124' title='bbox 1742 1004 1896 1045; x_wconf 82' lang='lat' dir='ltr'>merito</span> 
     </span>
     <span class='ocr_line' id='line_1_14' title="bbox 130 1067 1896 1120; baseline 0.001 -13"><span class='ocrx_word' id='word_1_125' title='bbox 130 1081 214 1108; x_wconf 90' lang='grc'><strong>11011</strong></span> <span class='ocrx_word' id='word_1_126' title='bbox 236 1068 451 1120; x_wconf 84' lang='lat' dir='ltr'>gratulari</span> <span class='ocrx_word' id='word_1_127' title='bbox 473 1070 563 1110; x_wconf 90' lang='lat' dir='ltr'>tam</span> <span class='ocrx_word' id='word_1_128' title='bbox 586 1067 770 1109; x_wconf 86' lang='lat' dir='ltr'>feliciter</span> <span class='ocrx_word' id='word_1_129' title='bbox 790 1067 834 1108; x_wconf 92' lang='lat' dir='ltr'>in</span> <span class='ocrx_word' id='word_1_130' title='bbox 857 1067 1040 1109; x_wconf 91' lang='lat' dir='ltr'>Domino</span> <span class='ocrx_word' id='word_1_131' title='bbox 1064 1067 1308 1120; x_wconf 83' lang='lat' dir='ltr'>emigranti.</span> <span class='ocrx_word' id='word_1_132' title='bbox 1352 1067 1569 1111; x_wconf 77' lang='lat' dir='ltr'>Successit</span> <span class='ocrx_word' id='word_1_133' title='bbox 1590 1068 1653 1110; x_wconf 94' lang='grc'><strong>1111</strong></span> <span class='ocrx_word' id='word_1_134' title='bbox 1674 1069 1896 1110; x_wconf 81' lang='lat' dir='ltr'>Johannes</span> 
     </span>
     <span class='ocr_line' id='line_1_15' title="bbox 129 1131 1895 1186; baseline 0.001 -13"><span class='ocrx_word' id='word_1_135' title='bbox 129 1131 386 1175; x_wconf 87' lang='lat' dir='ltr'>Thomasius</span> <span class='ocrx_word' id='word_1_136' title='bbox 408 1132 711 1186; x_wconf 88' lang='lat' dir='ltr'>Lotharingus,</span> <span class='ocrx_word' id='word_1_137' title='bbox 745 1131 922 1174; x_wconf 91' lang='lat' dir='ltr'>Colonia</span> <span class='ocrx_word' id='word_1_138' title='bbox 954 1146 1123 1186; x_wconf 91' lang='lat' dir='ltr'>quoque</span> <span class='ocrx_word' id='word_1_139' title='bbox 1155 1133 1325 1183; x_wconf 89' lang='lat' dir='ltr'>missus,</span> <span class='ocrx_word' id='word_1_140' title='bbox 1359 1135 1408 1175; x_wconf 92' lang='lat' dir='ltr'>ut</span> <span class='ocrx_word' id='word_1_141' title='bbox 1439 1133 1507 1174; x_wconf 92' lang='grc'><strong>1110</strong></span> <span class='ocrx_word' id='word_1_142' title='bbox 1540 1133 1662 1175; x_wconf 87' lang='lat' dir='ltr'>nobis</span> <span class='ocrx_word' id='word_1_143' title='bbox 1694 1134 1737 1175; x_wconf 90' lang='lat' dir='ltr'>in</span> <span class='ocrx_word' id='word_1_144' title='bbox 1770 1134 1895 1175; x_wconf 89' lang='lat' dir='ltr'>mini-</span> 
     </span>
     <span class='ocr_line' id='line_1_16' title="bbox 129 1197 1895 1253; baseline 0.001 -15"><span class='ocrx_word' id='word_1_145' title='bbox 129 1198 307 1239; x_wconf 87' lang='lat' dir='ltr'>strando</span> <span class='ocrx_word' id='word_1_146' title='bbox 341 1198 477 1249; x_wconf 88' lang='lat' dir='ltr'>adsit,</span> <span class='ocrx_word' id='word_1_147' title='bbox 519 1198 679 1253; x_wconf 84' lang='lat' dir='ltr'>probae</span> <span class='ocrx_word' id='word_1_148' title='bbox 711 1197 866 1239; x_wconf 90' lang='lat' dir='ltr'>indolis</span> <span class='ocrx_word' id='word_1_149' title='bbox 898 1212 1170 1251; x_wconf 86' lang='lat' dir='ltr'>magnaeque</span> <span class='ocrx_word' id='word_1_150' title='bbox 1203 1198 1295 1253; x_wconf 89' lang='lat' dir='ltr'>spei</span> <span class='ocrx_word' id='word_1_151' title='bbox 1328 1198 1603 1249; x_wconf 86' lang='lat' dir='ltr'>adolescens,</span> <span class='ocrx_word' id='word_1_152' title='bbox 1647 1200 1723 1241; x_wconf 84' lang='lat' dir='ltr'>sed</span> <span class='ocrx_word' id='word_1_153' title='bbox 1756 1199 1895 1241; x_wconf 85' lang='lat' dir='ltr'>adhuc</span> 
     </span>
     <span class='ocr_line' id='line_1_17' title="bbox 129 1263 453 1316; baseline 0.009 -13"><span class='ocrx_word' id='word_1_154' title='bbox 129 1263 453 1316; x_wconf 88' lang='lat' dir='ltr'>grammaticus.</span> 
     </span>
    </p>

    <p class='ocr_par' dir='ltr' id='par_1_3' title="bbox 129 1328 1898 2495">
     <span class='ocr_line' id='line_1_18' title="bbox 250 1328 1895 1384; baseline 0.002 -15"><span class='ocrx_word' id='word_1_155' title='bbox 250 1328 476 1372; x_wconf 82' lang='lat' dir='ltr'>Venerunt</span> <span class='ocrx_word' id='word_1_156' title='bbox 497 1328 616 1370; x_wconf 89' lang='lat' dir='ltr'>missi</span> <span class='ocrx_word' id='word_1_157' title='bbox 639 1342 694 1371; x_wconf 83' lang='lat' dir='ltr'>ex</span> <span class='ocrx_word' id='word_1_158' title='bbox 710 1328 840 1371; x_wconf 90' lang='lat' dir='ltr'>Italia</span> <span class='ocrx_word' id='word_1_159' title='bbox 863 1328 1036 1379; x_wconf 88' lang='lat' dir='ltr'>fratres,</span> <span class='ocrx_word' id='word_1_160' title='bbox 1062 1328 1137 1370; x_wconf 88' lang='lat' dir='ltr'>sed</span> <span class='ocrx_word' id='word_1_161' title='bbox 1160 1332 1278 1372; x_wconf 84' lang='lat' dir='ltr'>certe</span> <span class='ocrx_word' id='word_1_162' title='bbox 1301 1331 1349 1372; x_wconf 92' lang='lat' dir='ltr'>ut</span> <span class='ocrx_word' id='word_1_163' title='bbox 1371 1329 1504 1371; x_wconf 86' lang='lat' dir='ltr'>libere</span> <span class='ocrx_word' id='word_1_164' title='bbox 1527 1329 1679 1380; x_wconf 89' lang='lat' dir='ltr'>dicam,</span> <span class='ocrx_word' id='word_1_165' title='bbox 1703 1329 1895 1384; x_wconf 86' lang='lat' dir='ltr'>potiores</span> 
     </span>
     <span class='ocr_line' id='line_1_19' title="bbox 130 1393 1894 1449; baseline 0.001 -15"><span class='ocrx_word' id='word_1_166' title='bbox 130 1393 359 1435; x_wconf 89' lang='lat' dir='ltr'>nonnullos</span> <span class='ocrx_word' id='word_1_167' title='bbox 407 1394 769 1449; x_wconf 78' lang='lat' dir='ltr'>expectabamus,</span> <span class='ocrx_word' id='word_1_168' title='bbox 819 1394 1079 1448; x_wconf 88' lang='lat' dir='ltr'>praesertim</span> <span class='ocrx_word' id='word_1_169' title='bbox 1123 1393 1195 1447; x_wconf 89' lang='lat' dir='ltr'>qui</span> <span class='ocrx_word' id='word_1_170' title='bbox 1243 1394 1297 1436; x_wconf 91' lang='lat' dir='ltr'>ad</span> <span class='ocrx_word' id='word_1_171' title='bbox 1344 1395 1456 1436; x_wconf 91' lang='lat' dir='ltr'>hanc</span> <span class='ocrx_word' id='word_1_172' title='bbox 1505 1395 1723 1437; x_wconf 83' lang='lat' dir='ltr'>desertam</span> <span class='ocrx_word' id='word_1_173' title='bbox 1766 1396 1894 1449; x_wconf 87' lang='lat' dir='ltr'>plane</span> 
     </span>
     <span class='ocr_line' id='line_1_20' title="bbox 130 1459 1895 1514; baseline 0.002 -15"><span class='ocrx_word' id='word_1_174' title='bbox 130 1463 337 1500; x_wconf 78' lang='lat' dir='ltr'>messemc</span> <span class='ocrx_word' id='word_1_175' title='bbox 378 1459 577 1502; x_wconf 83' lang='lat' dir='ltr'>instructi</span> <span class='ocrx_word' id='word_1_176' title='bbox 619 1459 897 1510; x_wconf 87' lang='lat' dir='ltr'>accederent,</span> <span class='ocrx_word' id='word_1_177' title='bbox 945 1462 1020 1502; x_wconf 92' lang='lat' dir='ltr'>aut</span> <span class='ocrx_word' id='word_1_178' title='bbox 1061 1460 1217 1502; x_wconf 89' lang='lat' dir='ltr'>saltem</span> <span class='ocrx_word' id='word_1_179' title='bbox 1258 1460 1467 1514; x_wconf 87' lang='lat' dir='ltr'>majorem</span> <span class='ocrx_word' id='word_1_180' title='bbox 1509 1474 1684 1514; x_wconf 87' lang='lat' dir='ltr'>operam</span> <span class='ocrx_word' id='word_1_181' title='bbox 1724 1460 1895 1514; x_wconf 86' lang='lat' dir='ltr'>Pragae</span> 
     </span>
     <span class='ocr_line' id='line_1_21' title="bbox 130 1524 1895 1580; baseline 0.002 -15"><span class='ocrx_word' id='word_1_182' title='bbox 130 1524 291 1566; x_wconf 91' lang='lat' dir='ltr'>nostris</span> <span class='ocrx_word' id='word_1_183' title='bbox 335 1525 514 1576; x_wconf 87' lang='lat' dir='ltr'>darent,</span> <span class='ocrx_word' id='word_1_184' title='bbox 559 1525 631 1567; x_wconf 89' lang='lat' dir='ltr'>ubi</span> <span class='ocrx_word' id='word_1_185' title='bbox 675 1525 944 1578; x_wconf 89' lang='lat' dir='ltr'>Theologus,</span> <span class='ocrx_word' id='word_1_186' title='bbox 991 1525 1271 1580; x_wconf 89' lang='lat' dir='ltr'>philosophus</span> <span class='ocrx_word' id='word_1_187' title='bbox 1316 1528 1359 1568; x_wconf 91' lang='lat' dir='ltr'>et</span> <span class='ocrx_word' id='word_1_188' title='bbox 1404 1525 1571 1568; x_wconf 82' lang='lat' dir='ltr'>Rhetor</span> <span class='ocrx_word' id='word_1_189' title='bbox 1613 1540 1699 1568; x_wconf 92' lang='grc'><strong>11011</strong></span> <span class='ocrx_word' id='word_1_190' title='bbox 1742 1540 1895 1580; x_wconf 88' lang='lat' dir='ltr'>parum</span> 
     </span>
     <span class='ocr_line' id='line_1_22' title="bbox 131 1589 1896 1646; baseline 0.002 -16"><span class='ocrx_word' id='word_1_191' title='bbox 131 1589 333 1632; x_wconf 89' lang='lat' dir='ltr'>laborant</span> <span class='ocrx_word' id='word_1_192' title='bbox 374 1592 506 1644; x_wconf 90' lang='lat' dir='ltr'>atque</span> <span class='ocrx_word' id='word_1_193' title='bbox 547 1590 821 1633; x_wconf 89' lang='lat' dir='ltr'>decumbunt.</span> <span class='ocrx_word' id='word_1_194' title='bbox 885 1591 993 1632; x_wconf 84' lang='lat' dir='ltr'>Tres</span> <span class='ocrx_word' id='word_1_195' title='bbox 1031 1591 1251 1633; x_wconf 90' lang='lat' dir='ltr'>Coloniam</span> <span class='ocrx_word' id='word_1_196' title='bbox 1294 1590 1535 1634; x_wconf 88' lang='lat' dir='ltr'>destinatos</span> <span class='ocrx_word' id='word_1_197' title='bbox 1573 1592 1748 1646; x_wconf 86' lang='lat' dir='ltr'>jamque</span> <span class='ocrx_word' id='word_1_198' title='bbox 1790 1592 1896 1633; x_wconf 87' lang='lat' dir='ltr'>duos</span> 
     </span>
     <span class='ocr_line' id='line_1_23' title="bbox 132 1653 1895 1711; baseline 0.002 -16"><span class='ocrx_word' id='word_1_199' title='bbox 132 1653 287 1697; x_wconf 89' lang='lat' dir='ltr'>missos</span> <span class='ocrx_word' id='word_1_200' title='bbox 320 1669 428 1706; x_wconf 91' lang='lat' dir='ltr'>esse,</span> <span class='ocrx_word' id='word_1_201' title='bbox 461 1670 547 1698; x_wconf 90' lang='lat' dir='ltr'>non</span> <span class='ocrx_word' id='word_1_202' title='bbox 577 1656 893 1711; x_wconf 88' lang='lat' dir='ltr'>improbamus;</span> <span class='ocrx_word' id='word_1_203' title='bbox 928 1656 1003 1698; x_wconf 89' lang='lat' dir='ltr'>sed</span> <span class='ocrx_word' id='word_1_204' title='bbox 1035 1656 1229 1711; x_wconf 90' lang='lat' dir='ltr'>cupimus</span> <span class='ocrx_word' id='word_1_205' title='bbox 1251 1659 1398 1699; x_wconf 87' lang='lat' dir='ltr'>tamen</span> <span class='ocrx_word' id='word_1_206' title='bbox 1430 1656 1474 1698; x_wconf 91' lang='lat' dir='ltr'>in</span> <span class='ocrx_word' id='word_1_207' title='bbox 1507 1657 1589 1698; x_wconf 90' lang='lat' dir='ltr'>hac</span> <span class='ocrx_word' id='word_1_208' title='bbox 1620 1656 1895 1706; x_wconf 84' lang='lat' dir='ltr'>necessitate,</span> 
     </span>
     <span class='ocr_line' id='line_1_24' title="bbox 131 1719 1895 1776; baseline 0.001 -15"><span class='ocrx_word' id='word_1_209' title='bbox 131 1719 419 1774; x_wconf 88' lang='lat' dir='ltr'>Collegiorum</span> <span class='ocrx_word' id='word_1_210' title='bbox 451 1723 698 1763; x_wconf 87' lang='lat' dir='ltr'>nostrorum</span> <span class='ocrx_word' id='word_1_211' title='bbox 731 1721 943 1764; x_wconf 89' lang='lat' dir='ltr'>rationem</span> <span class='ocrx_word' id='word_1_212' title='bbox 977 1721 1229 1775; x_wconf 86' lang='lat' dir='ltr'>diligentem</span> <span class='ocrx_word' id='word_1_213' title='bbox 1260 1721 1432 1772; x_wconf 88' lang='lat' dir='ltr'>haberi,</span> <span class='ocrx_word' id='word_1_214' title='bbox 1467 1724 1512 1764; x_wconf 91' lang='lat' dir='ltr'>et</span> <span class='ocrx_word' id='word_1_215' title='bbox 1544 1722 1579 1763; x_wconf 89' lang='lat' dir='ltr'>si</span> <span class='ocrx_word' id='word_1_216' title='bbox 1611 1721 1704 1763; x_wconf 88' lang='lat' dir='ltr'>fieri</span> <span class='ocrx_word' id='word_1_217' title='bbox 1735 1724 1895 1776; x_wconf 87' lang='lat' dir='ltr'>potest,</span> 
     </span>
     <span class='ocr_line' id='line_1_25' title="bbox 130 1785 1898 1842; baseline 0.002 -15"><span class='ocrx_word' id='word_1_218' title='bbox 130 1785 309 1828; x_wconf 89' lang='lat' dir='ltr'>tertium</span> <span class='ocrx_word' id='word_1_219' title='bbox 342 1786 414 1840; x_wconf 90' lang='lat' dir='ltr'>qui</span> <span class='ocrx_word' id='word_1_220' title='bbox 445 1789 678 1841; x_wconf 86' lang='lat' dir='ltr'>propterea</span> <span class='ocrx_word' id='word_1_221' title='bbox 709 1787 898 1829; x_wconf 86' lang='lat' dir='ltr'>fortasse</span> <span class='ocrx_word' id='word_1_222' title='bbox 925 1787 1071 1829; x_wconf 89' lang='lat' dir='ltr'>divina</span> <span class='ocrx_word' id='word_1_223' title='bbox 1092 1788 1320 1830; x_wconf 88' lang='lat' dir='ltr'>voluntate</span> <span class='ocrx_word' id='word_1_224' title='bbox 1342 1787 1574 1842; x_wconf 89' lang='lat' dir='ltr'>impeditus</span> <span class='ocrx_word' id='word_1_225' title='bbox 1607 1787 1814 1837; x_wconf 87' lang='lat' dir='ltr'>substitit,</span> <span class='ocrx_word' id='word_1_226' title='bbox 1848 1790 1898 1830; x_wconf 85' lang='lat' dir='ltr'>ut</span> 
     </span>
     <span class='ocr_line' id='line_1_26' title="bbox 132 1850 1897 1907; baseline 0.001 -15"><span class='ocrx_word' id='word_1_227' title='bbox 132 1850 390 1893; x_wconf 84' lang='lat' dir='ltr'>Germaniae</span> <span class='ocrx_word' id='word_1_228' title='bbox 422 1852 656 1895; x_wconf 86' lang='lat' dir='ltr'>donaretur</span> <span class='ocrx_word' id='word_1_229' title='bbox 672 1853 701 1902; x_wconf 84' lang='lat'>4,</span> <span class='ocrx_word' id='word_1_230' title='bbox 734 1853 858 1895; x_wconf 89' lang='lat' dir='ltr'>nobis</span> <span class='ocrx_word' id='word_1_231' title='bbox 879 1852 1111 1903; x_wconf 85' lang='lat' dir='ltr'>reservari,</span> <span class='ocrx_word' id='word_1_232' title='bbox 1144 1867 1222 1907; x_wconf 88' lang='lat' dir='ltr'>pro</span> <span class='ocrx_word' id='word_1_233' title='bbox 1244 1852 1543 1895; x_wconf 87' lang='lat' dir='ltr'>benedictione</span> <span class='ocrx_word' id='word_1_234' title='bbox 1565 1852 1723 1906; x_wconf 87' lang='lat' dir='ltr'>aliqua,</span> <span class='ocrx_word' id='word_1_235' title='bbox 1757 1852 1897 1906; x_wconf 85' lang='lat' dir='ltr'>gratis</span> 
     </span>
     <span class='ocr_line' id='line_1_27' title="bbox 131 1916 1897 1972; baseline 0.001 -15"><span class='ocrx_word' id='word_1_236' title='bbox 131 1916 287 1958; x_wconf 90' lang='lat' dir='ltr'>animis</span> <span class='ocrx_word' id='word_1_237' title='bbox 332 1916 603 1972; x_wconf 89' lang='lat' dir='ltr'>accipiemus.</span> <span class='ocrx_word' id='word_1_238' title='bbox 676 1917 945 1972; x_wconf 80' lang='lat' dir='ltr'>Quamquam</span> <span class='ocrx_word' id='word_1_239' title='bbox 991 1918 1061 1960; x_wconf 90' lang='lat' dir='ltr'>hic</span> <span class='ocrx_word' id='word_1_240' title='bbox 1108 1917 1250 1960; x_wconf 89' lang='lat' dir='ltr'>carnis</span> <span class='ocrx_word' id='word_1_241' title='bbox 1297 1921 1342 1961; x_wconf 90' lang='lat' dir='ltr'>et</span> <span class='ocrx_word' id='word_1_242' title='bbox 1385 1917 1608 1971; x_wconf 86' lang='lat' dir='ltr'>sanguinis</span> <span class='ocrx_word' id='word_1_243' title='bbox 1650 1920 1897 1972; x_wconf 88' lang='lat' dir='ltr'>respectum</span> 
     </span>
     <span class='ocr_line' id='line_1_28' title="bbox 131 1982 1897 2038; baseline 0.002 -16"><span class='ocrx_word' id='word_1_244' title='bbox 131 1995 301 2023; x_wconf 90' lang='lat' dir='ltr'>omnem</span> <span class='ocrx_word' id='word_1_245' title='bbox 334 1982 486 2025; x_wconf 89' lang='lat' dir='ltr'>abesse</span> <span class='ocrx_word' id='word_1_246' title='bbox 526 1983 678 2033; x_wconf 80' lang='lat' dir='ltr'>velim3</span> <span class='ocrx_word' id='word_1_247' title='bbox 719 1983 893 2038; x_wconf 87' lang='lat' dir='ltr'>publica</span> <span class='ocrx_word' id='word_1_248' title='bbox 933 1986 1158 2038; x_wconf 87' lang='lat' dir='ltr'>spectatur</span> <span class='ocrx_word' id='word_1_249' title='bbox 1190 1986 1234 2026; x_wconf 89' lang='lat' dir='ltr'>et</span> <span class='ocrx_word' id='word_1_250' title='bbox 1266 1983 1490 2037; x_wconf 84' lang='lat' dir='ltr'>quaeritur</span> <span class='ocrx_word' id='word_1_251' title='bbox 1530 1983 1697 2026; x_wconf 90' lang='lat' dir='ltr'>utilitas</span> <span class='ocrx_word' id='word_1_252' title='bbox 1730 1983 1785 2025; x_wconf 90' lang='lat' dir='ltr'>ad</span> <span class='ocrx_word' id='word_1_253' title='bbox 1816 1983 1897 2025; x_wconf 92' lang='lat' dir='ltr'>Dei</span> 
     </span>
     <span class='ocr_line' id='line_1_29' title="bbox 129 2046 1896 2104; baseline 0.001 -16"><span class='ocrx_word' id='word_1_254' title='bbox 129 2046 327 2101; x_wconf 86' lang='lat' dir='ltr'>gloriam.</span> <span class='ocrx_word' id='word_1_255' title='bbox 392 2047 510 2091; x_wconf 88' lang='lat' dir='ltr'>Obiit</span> <span class='ocrx_word' id='word_1_256' title='bbox 542 2052 687 2092; x_wconf 90' lang='lat' dir='ltr'>autem</span> <span class='ocrx_word' id='word_1_257' title='bbox 729 2064 815 2091; x_wconf 92' lang='lat' dir='ltr'>non</span> <span class='ocrx_word' id='word_1_258' title='bbox 855 2049 919 2092; x_wconf 84' lang='lat' dir='ltr'>ita</span> <span class='ocrx_word' id='word_1_259' title='bbox 958 2049 1125 2104; x_wconf 88' lang='lat' dir='ltr'>pridem</span> <span class='ocrx_word' id='word_1_260' title='bbox 1166 2049 1357 2103; x_wconf 84' lang='lat' dir='ltr'>ejusdem</span> <span class='ocrx_word' id='word_1_261' title='bbox 1390 2048 1547 2091; x_wconf 89' lang='lat' dir='ltr'>Canisii</span> <span class='ocrx_word' id='word_1_262' title='bbox 1579 2051 1741 2099; x_wconf 86' lang='lat' dir='ltr'>mater,</span> <span class='ocrx_word' id='word_1_263' title='bbox 1785 2062 1896 2101; x_wconf 92' lang='lat' dir='ltr'>quae</span> 
     </span>
     <span class='ocr_line' id='line_1_30' title="bbox 129 2111 1894 2167; baseline 0.001 -14"><span class='ocrx_word' id='word_1_264' title='bbox 129 2111 233 2154; x_wconf 90' lang='lat' dir='ltr'>mihi</span> <span class='ocrx_word' id='word_1_265' title='bbox 265 2112 468 2156; x_wconf 85' lang='lat' dir='ltr'>Noverca</span> <span class='ocrx_word' id='word_1_266' title='bbox 508 2113 612 2164; x_wconf 84' lang='lat' dir='ltr'>suit,</span> <span class='ocrx_word' id='word_1_267' title='bbox 656 2114 731 2156; x_wconf 87' lang='lat' dir='ltr'>sed</span> <span class='ocrx_word' id='word_1_268' title='bbox 770 2114 876 2156; x_wconf 91' lang='lat' dir='ltr'>nihil</span> <span class='ocrx_word' id='word_1_269' title='bbox 917 2115 1058 2156; x_wconf 90' lang='lat' dir='ltr'>minus</span> <span class='ocrx_word' id='word_1_270' title='bbox 1099 2128 1229 2167; x_wconf 91' lang='lat' dir='ltr'>quam</span> <span class='ocrx_word' id='word_1_271' title='bbox 1270 2127 1469 2156; x_wconf 84' lang='lat' dir='ltr'>noverca.</span> <span class='ocrx_word' id='word_1_272' title='bbox 1533 2114 1654 2155; x_wconf 89' lang='lat' dir='ltr'>Illius</span> <span class='ocrx_word' id='word_1_273' title='bbox 1692 2113 1894 2163; x_wconf 89' lang='lat' dir='ltr'>animam,</span> 
     </span>
     <span class='ocr_line' id='line_1_31' title="bbox 130 2177 1897 2234; baseline 0.001 -15"><span class='ocrx_word' id='word_1_274' title='bbox 130 2177 385 2220; x_wconf 79' lang='lat' dir='ltr'>Reuerende</span> <span class='ocrx_word' id='word_1_275' title='bbox 413 2193 468 2234; x_wconf 88' lang='lat' dir='ltr'>p.‚</span> <span class='ocrx_word' id='word_1_276' title='bbox 502 2179 552 2222; x_wconf 82' lang='lat' dir='ltr'>R.</span> <span class='ocrx_word' id='word_1_277' title='bbox 576 2181 608 2223; x_wconf 88' lang='lat' dir='ltr'>t.</span> <span class='ocrx_word' id='word_1_278' title='bbox 636 2194 687 2222; x_wconf 94' lang='lat' dir='ltr'>ac</span> <span class='ocrx_word' id='word_1_279' title='bbox 720 2179 904 2222; x_wconf 89' lang='lat' dir='ltr'>aliorum</span> <span class='ocrx_word' id='word_1_280' title='bbox 935 2182 1109 2234; x_wconf 89' lang='lat' dir='ltr'>patrum</span> <span class='ocrx_word' id='word_1_281' title='bbox 1141 2178 1362 2221; x_wconf 88' lang='lat' dir='ltr'>sacrificiis</span> <span class='ocrx_word' id='word_1_282' title='bbox 1393 2179 1665 2232; x_wconf 83' lang='lat' dir='ltr'>fratrumque</span> <span class='ocrx_word' id='word_1_283' title='bbox 1697 2179 1897 2234; x_wconf 86' lang='lat' dir='ltr'>precibus</span> 
     </span>
     <span class='ocr_line' id='line_1_32' title="bbox 131 2242 1895 2300; baseline 0.002 -16"><span class='ocrx_word' id='word_1_284' title='bbox 131 2242 330 2297; x_wconf 86' lang='lat' dir='ltr'>adjuvari</span> <span class='ocrx_word' id='word_1_285' title='bbox 370 2243 502 2287; x_wconf 87' lang='lat' dir='ltr'>etiam</span> <span class='ocrx_word' id='word_1_286' title='bbox 543 2247 676 2299; x_wconf 89' lang='lat' dir='ltr'>atque</span> <span class='ocrx_word' id='word_1_287' title='bbox 717 2245 850 2288; x_wconf 85' lang='lat' dir='ltr'>etiam</span> <span class='ocrx_word' id='word_1_288' title='bbox 891 2247 1007 2300; x_wconf 88' lang='lat' dir='ltr'>opto.</span> <span class='ocrx_word' id='word_1_289' title='bbox 1071 2244 1224 2298; x_wconf 88' lang='lat' dir='ltr'>Itaque</span> <span class='ocrx_word' id='word_1_290' title='bbox 1268 2258 1353 2286; x_wconf 90' lang='lat' dir='ltr'>non</span> <span class='ocrx_word' id='word_1_291' title='bbox 1394 2247 1462 2286; x_wconf 92' lang='lat' dir='ltr'>est</span> <span class='ocrx_word' id='word_1_292' title='bbox 1502 2244 1615 2298; x_wconf 88' lang='lat' dir='ltr'>quod</span> <span class='ocrx_word' id='word_1_293' title='bbox 1656 2248 1803 2299; x_wconf 89' lang='lat' dir='ltr'>speret</span> <span class='ocrx_word' id='word_1_294' title='bbox 1843 2245 1895 2287; x_wconf 91' lang='lat' dir='ltr'>D.</span> 
     </span>
     <span class='ocr_line' id='line_1_33' title="bbox 130 2308 1898 2364; baseline 0.001 -14"><span class='ocrx_word' id='word_1_295' title='bbox 130 2308 381 2351; x_wconf 87' lang='lat' dir='ltr'>Leonardus</span> <span class='ocrx_word' id='word_1_296' title='bbox 422 2310 600 2361; x_wconf 89' lang='lat' dir='ltr'>Kessel,</span> <span class='ocrx_word' id='word_1_297' title='bbox 643 2313 693 2354; x_wconf 90' lang='lat' dir='ltr'>ut</span> <span class='ocrx_word' id='word_1_298' title='bbox 733 2310 922 2353; x_wconf 78' lang='lat' dir='ltr'>maxime</span> <span class='ocrx_word' id='word_1_299' title='bbox 965 2310 1104 2353; x_wconf 85' lang='lat' dir='ltr'>frater</span> <span class='ocrx_word' id='word_1_300' title='bbox 1143 2309 1216 2351; x_wconf 92' lang='lat' dir='ltr'>ille</span> <span class='ocrx_word' id='word_1_301' title='bbox 1257 2308 1477 2352; x_wconf 90' lang='lat' dir='ltr'>Coloniam</span> <span class='ocrx_word' id='word_1_302' title='bbox 1518 2309 1689 2360; x_wconf 87' lang='lat' dir='ltr'>veniat,</span> <span class='ocrx_word' id='word_1_303' title='bbox 1735 2310 1898 2364; x_wconf 88' lang='lat' dir='ltr'>aliquid</span> 
     </span>
     <span class='ocr_line' id='line_1_34' title="bbox 130 2373 1898 2429; baseline 0.001 -14"><span class='ocrx_word' id='word_1_304' title='bbox 130 2373 335 2417; x_wconf 89' lang='lat' dir='ltr'>utilitatis</span> <span class='ocrx_word' id='word_1_305' title='bbox 366 2389 393 2417; x_wconf 84' lang='lat' dir='ltr'>a</span> <span class='ocrx_word' id='word_1_306' title='bbox 424 2378 565 2419; x_wconf 87' lang='lat' dir='ltr'>matre</span> <span class='ocrx_word' id='word_1_307' title='bbox 597 2390 887 2425; x_wconf 87' lang='lat' dir='ltr'>accessurum,</span> <span class='ocrx_word' id='word_1_308' title='bbox 921 2375 1033 2418; x_wconf 91' lang='lat' dir='ltr'>sicut</span> <span class='ocrx_word' id='word_1_309' title='bbox 1065 2375 1119 2418; x_wconf 92' lang='lat' dir='ltr'>ab</span> <span class='ocrx_word' id='word_1_310' title='bbox 1152 2374 1248 2417; x_wconf 89' lang='lat' dir='ltr'>aliis</span> <span class='ocrx_word' id='word_1_311' title='bbox 1269 2374 1486 2429; x_wconf 86' lang='lat' dir='ltr'>plerisque</span> <span class='ocrx_word' id='word_1_312' title='bbox 1509 2389 1593 2416; x_wconf 92' lang='lat' dir='ltr'>non</span> <span class='ocrx_word' id='word_1_313' title='bbox 1615 2375 1708 2417; x_wconf 91' lang='lat' dir='ltr'>sine</span> <span class='ocrx_word' id='word_1_314' title='bbox 1740 2375 1898 2417; x_wconf 90' lang='lat' dir='ltr'>sollici-</span> 
     </span>
     <span class='ocr_line' id='line_1_35' title="bbox 129 2438 675 2495; baseline 0.002 -13"><span class='ocrx_word' id='word_1_315' title='bbox 129 2438 279 2482; x_wconf 88' lang='lat' dir='ltr'>tudine</span> <span class='ocrx_word' id='word_1_316' title='bbox 312 2440 518 2495; x_wconf 87' lang='lat' dir='ltr'>colligere</span> <span class='ocrx_word' id='word_1_317' title='bbox 550 2441 675 2484; x_wconf 90' lang='lat' dir='ltr'>solet.</span> 
     </span>
    </p>

    <p class='ocr_par' dir='ltr' id='par_1_4' title="bbox 131 2504 1898 2625">
     <span class='ocr_line' id='line_1_36' title="bbox 249 2504 1896 2560; baseline 0.001 -14"><span class='ocrx_word' id='word_1_318' title='bbox 249 2505 314 2547; x_wconf 88' lang='lat' dir='ltr'>De</span> <span class='ocrx_word' id='word_1_319' title='bbox 346 2505 471 2548; x_wconf 90' lang='lat' dir='ltr'>bonis</span> <span class='ocrx_word' id='word_1_320' title='bbox 494 2507 551 2550; x_wconf 88' lang='lat' dir='ltr'>M.</span> <span class='ocrx_word' id='word_1_321' title='bbox 574 2505 829 2549; x_wconf 83' lang='lat' dir='ltr'>Lamberti5</span> <span class='ocrx_word' id='word_1_322' title='bbox 862 2505 1151 2560; x_wconf 87' lang='lat' dir='ltr'>disponendis,</span> <span class='ocrx_word' id='word_1_323' title='bbox 1186 2519 1281 2547; x_wconf 90' lang='lat' dir='ltr'>cum</span> <span class='ocrx_word' id='word_1_324' title='bbox 1314 2505 1406 2560; x_wconf 87' lang='lat' dir='ltr'>ipse</span> <span class='ocrx_word' id='word_1_325' title='bbox 1428 2505 1472 2546; x_wconf 92' lang='lat' dir='ltr'>in</span> <span class='ocrx_word' id='word_1_326' title='bbox 1493 2504 1681 2560; x_wconf 86' lang='lat' dir='ltr'>patriam</span> <span class='ocrx_word' id='word_1_327' title='bbox 1714 2505 1896 2555; x_wconf 80' lang='lat' dir='ltr'>venerit,</span> 
     </span>
     <span class='ocr_line' id='line_1_37' title="bbox 131 2570 1898 2625; baseline 0.001 -14"><span class='ocrx_word' id='word_1_328' title='bbox 131 2571 250 2612; x_wconf 87' lang='lat' dir='ltr'>recte</span> <span class='ocrx_word' id='word_1_329' title='bbox 273 2570 531 2621; x_wconf 83' lang='lat' dir='ltr'>constituet;</span> <span class='ocrx_word' id='word_1_330' title='bbox 565 2571 728 2614; x_wconf 88' lang='lat' dir='ltr'>scribat</span> <span class='ocrx_word' id='word_1_331' title='bbox 752 2570 925 2614; x_wconf 86' lang='lat' dir='ltr'>interim</span> <span class='ocrx_word' id='word_1_332' title='bbox 948 2570 1051 2613; x_wconf 90' lang='lat' dir='ltr'>licet</span> <span class='ocrx_word' id='word_1_333' title='bbox 1072 2570 1127 2612; x_wconf 88' lang='lat' dir='ltr'>ad</span> <span class='ocrx_word' id='word_1_334' title='bbox 1149 2584 1264 2620; x_wconf 91' lang='lat' dir='ltr'>suos,</span> <span class='ocrx_word' id='word_1_335' title='bbox 1298 2573 1346 2613; x_wconf 92' lang='lat' dir='ltr'>ut</span> <span class='ocrx_word' id='word_1_336' title='bbox 1368 2573 1566 2625; x_wconf 88' lang='lat' dir='ltr'>sumptus</span> <span class='ocrx_word' id='word_1_337' title='bbox 1587 2571 1898 2625; x_wconf 85' lang='lat' dir='ltr'>prosequendis</span> 
     </span>
    </p>
   </div>
   <div class='ocr_carea' id='block_1_3' title="bbox 131 2664 363 2668">
    <p class='ocr_par' dir='ltr' id='par_1_5' title="bbox 131 2664 363 2668">
     <span class='ocr_line' id='line_1_38' title="bbox 131 2664 363 2668; baseline 0 0"><span class='ocrx_word' id='word_1_338' title='bbox 131 2664 363 2668; x_wconf 95' lang='lat' dir='ltr'> </span> 
     </span>
    </p>
   </div>
   <div class='ocr_carea' id='block_1_4' title="bbox 133 2709 1895 2860">
    <p class='ocr_par' dir='ltr' id='par_1_6' title="bbox 133 2709 1895 2860">
     <span class='ocr_line' id='line_1_39' title="bbox 249 2709 653 2755; baseline 0.005 -12"><span class='ocrx_word' id='word_1_339' title='bbox 249 2715 263 2729; x_wconf 79' lang='lat'>³</span> <span class='ocrx_word' id='word_1_340' title='bbox 291 2709 502 2744; x_wconf 81' lang='lat' dir='ltr'>Sconchiam</span> <span class='ocrx_word' id='word_1_341' title='bbox 529 2722 653 2755; x_wconf 67' lang='lat' dir='ltr'>apoyr.</span> 
     </span>
     <span class='ocr_line' id='line_1_40' title="bbox 251 2761 1895 2807; baseline 0.001 -12"><span class='ocrx_word' id='word_1_342' title='bbox 251 2761 265 2780; x_wconf 64' lang='lat'>¹*</span> <span class='ocrx_word' id='word_1_343' title='bbox 293 2764 352 2796; x_wconf 79' lang='lat' dir='ltr'>Er</span> <span class='ocrx_word' id='word_1_344' title='bbox 377 2774 500 2807; x_wconf 74' lang='lat' dir='ltr'>apoyr.</span> <span class='ocrx_word' id='word_1_345' title='bbox 527 2765 623 2798; x_wconf 81' lang='lat' dir='ltr'>clare</span> <span class='ocrx_word' id='word_1_346' title='bbox 650 2765 800 2807; x_wconf 59' lang='lat' dir='ltr'>intellegi</span> <span class='ocrx_word' id='word_1_347' title='bbox 827 2776 894 2797; x_wconf 78' lang='lat' dir='ltr'>mm</span> <span class='ocrx_word' id='word_1_348' title='bbox 920 2768 1050 2807; x_wconf 65' lang='lat' dir='ltr'>potest,</span> <span class='ocrx_word' id='word_1_349' title='bbox 1090 2768 1209 2796; x_wconf 73' lang='lat' dir='ltr'>utrum</span> <span class='ocrx_word' id='word_1_350' title='bbox 1244 2763 1430 2798; x_wconf 87' lang='lat' dir='ltr'>dimissum</span> <span class='ocrx_word' id='word_1_351' title='bbox 1466 2775 1515 2797; x_wconf 77' lang='lat' dir='ltr'>an</span> <span class='ocrx_word' id='word_1_352' title='bbox 1540 2763 1674 2798; x_wconf 84' lang='lat' dir='ltr'>Romae</span> <span class='ocrx_word' id='word_1_353' title='bbox 1709 2762 1895 2798; x_wconf 87' lang='lat' dir='ltr'>dimissum</span> 
     </span>
     <span class='ocr_line' id='line_1_41' title="bbox 133 2815 936 2860; baseline 0.001 -12"><span class='ocrx_word' id='word_1_354' title='bbox 133 2815 312 2856; x_wconf 67' lang='lat' dir='ltr'>leqendum</span> <span class='ocrx_word' id='word_1_355' title='bbox 339 2818 394 2849; x_wconf 69' lang='lat' dir='ltr'>sit.</span> <span class='ocrx_word' id='word_1_356' title='bbox 538 2821 550 2836; x_wconf 82' lang='lat'><strong>⁰</strong></span> <span class='ocrx_word' id='word_1_357' title='bbox 580 2817 786 2852; x_wconf 85' lang='lat' dir='ltr'>missionem</span> <span class='ocrx_word' id='word_1_358' title='bbox 813 2828 936 2860; x_wconf 66' lang='grc' dir='ltr'><em>αμοῃν.</em></span> 
     </span>
    </p>
   </div>
   <div class='ocr_carea' id='block_1_5' title="bbox 137 2897 648 2902">
    <p class='ocr_par' dir='ltr' id='par_1_7' title="bbox 137 2897 648 2902">
     <span class='ocr_line' id='line_1_42' title="bbox 137 2897 648 2902; baseline 0 0"><span class='ocrx_word' id='word_1_359' title='bbox 137 2897 648 2902; x_wconf 95' lang='lat' dir='ltr'> </span> 
     </span>
    </p>
   </div>
   <div class='ocr_carea' id='block_1_6' title="bbox 133 2947 1896 3206">
    <p class='ocr_par' dir='ltr' id='par_1_8' title="bbox 258 2947 648 2994">
     <span class='ocr_line' id='line_1_43' title="bbox 258 2947 648 2994; baseline 0.01 -13"><span class='ocrx_word' id='word_1_360' title='bbox 258 2949 264 2967; x_wconf 91' lang='lat'>¹</span> <span class='ocrx_word' id='word_1_361' title='bbox 293 2947 346 2982; x_wconf 87' lang='lat' dir='ltr'>Cf.</span> <span class='ocrx_word' id='word_1_362' title='bbox 373 2959 482 2993; x_wconf 85' lang='lat' dir='ltr'>supra</span> <span class='ocrx_word' id='word_1_363' title='bbox 508 2960 541 2994; x_wconf 90' lang='lat' dir='ltr'>p.</span> <span class='ocrx_word' id='word_1_364' title='bbox 571 2949 648 2985; x_wconf 84' lang='lat'>139.</span> 
     </span>
    </p>

    <p class='ocr_par' dir='ltr' id='par_1_9' title="bbox 134 2999 1895 3100">
     <span class='ocr_line' id='line_1_44' title="bbox 253 2999 1895 3049; baseline 0.003 -15"><span class='ocrx_word' id='word_1_365' title='bbox 253 3000 267 3020; x_wconf 88' lang='lat'>‘-&#39;</span> <span class='ocrx_word' id='word_1_366' title='bbox 293 2999 525 3036; x_wconf 81' lang='lat' dir='ltr'>Guilielmum</span> <span class='ocrx_word' id='word_1_367' title='bbox 552 3001 786 3037; x_wconf 85' lang='lat' dir='ltr'>Geldrensem</span> <span class='ocrx_word' id='word_1_368' title='bbox 813 3002 870 3037; x_wconf 89' lang='lat' dir='ltr'>vel</span> <span class='ocrx_word' id='word_1_369' title='bbox 898 3002 1183 3048; x_wconf 83' lang='lat' dir='ltr'>Antverpianum</span> <span class='ocrx_word' id='word_1_370' title='bbox 1213 3003 1357 3047; x_wconf 83' lang='lat' dir='ltr'>(Cartas</span> <span class='ocrx_word' id='word_1_371' title='bbox 1384 3004 1426 3038; x_wconf 89' lang='lat' dir='ltr'>de</span> <span class='ocrx_word' id='word_1_372' title='bbox 1454 3006 1530 3038; x_wconf 71' lang='lat' dir='ltr'>San</span> <span class='ocrx_word' id='word_1_373' title='bbox 1558 3006 1701 3049; x_wconf 70' lang='lat' dir='ltr'>lynca-io</span> <span class='ocrx_word' id='word_1_374' title='bbox 1727 3004 1789 3045; x_wconf 74' lang='lat' dir='ltr'>Vt,</span> <span class='ocrx_word' id='word_1_375' title='bbox 1815 3005 1895 3039; x_wconf 70' lang='lat'>446.</span> 
     </span>
     <span class='ocr_line' id='line_1_45' title="bbox 134 3051 1083 3100; baseline 0.005 -14"><span class='ocrx_word' id='word_1_376' title='bbox 134 3051 252 3096; x_wconf 79' lang='lat'>644)‘.&gt;</span> <span class='ocrx_word' id='word_1_377' title='bbox 290 3052 345 3087; x_wconf 87' lang='lat' dir='ltr'>Cf.</span> <span class='ocrx_word' id='word_1_378' title='bbox 371 3064 480 3099; x_wconf 84' lang='lat' dir='ltr'>supra</span> <span class='ocrx_word' id='word_1_379' title='bbox 506 3066 539 3100; x_wconf 88' lang='lat' dir='ltr'>p.</span> <span class='ocrx_word' id='word_1_380' title='bbox 566 3055 718 3090; x_wconf 84' lang='lat'>60—61.</span> <span class='ocrx_word' id='word_1_381' title='bbox 864 3056 877 3076; x_wconf 82' lang='lat'>⁸</span> <span class='ocrx_word' id='word_1_382' title='bbox 902 3055 1083 3091; x_wconf 74' lang='lat' dir='ltr'>Villerius.</span> 
     </span>
    </p>

    <p class='ocr_par' dir='ltr' id='par_1_10' title="bbox 133 3105 1896 3206">
     <span class='ocr_line' id='line_1_46' title="bbox 254 3105 1896 3155; baseline 0.003 -15"><span class='ocrx_word' id='word_1_383' title='bbox 254 3106 266 3126; x_wconf 83' lang='lat'><strong>⁴</strong></span> <span class='ocrx_word' id='word_1_384' title='bbox 293 3105 552 3142; x_wconf 78' lang='lat' dir='ltr'>Theodericum</span> <span class='ocrx_word' id='word_1_385' title='bbox 579 3107 781 3150; x_wconf 84' lang='lat' dir='ltr'>Canisium,</span> <span class='ocrx_word' id='word_1_386' title='bbox 817 3109 966 3144; x_wconf 83' lang='lat' dir='ltr'>fratrem</span> <span class='ocrx_word' id='word_1_387' title='bbox 992 3121 1036 3144; x_wconf 85' lang='lat' dir='ltr'>ex</span> <span class='ocrx_word' id='word_1_388' title='bbox 1062 3112 1184 3155; x_wconf 82' lang='lat' dir='ltr'>patre.</span> <span class='ocrx_word' id='word_1_389' title='bbox 1212 3110 1376 3145; x_wconf 81' lang='lat' dir='ltr'>Canisius</span> <span class='ocrx_word' id='word_1_390' title='bbox 1402 3123 1448 3146; x_wconf 81' lang='lat' dir='ltr'>ex</span> <span class='ocrx_word' id='word_1_391' title='bbox 1474 3111 1577 3146; x_wconf 80' lang='lat' dir='ltr'>ltalia</span> <span class='ocrx_word' id='word_1_392' title='bbox 1605 3111 1639 3146; x_wconf 88' lang='lat' dir='ltr'>in</span> <span class='ocrx_word' id='word_1_393' title='bbox 1666 3111 1896 3146; x_wconf 83' lang='lat' dir='ltr'>Germaniam</span> 
     </span>
     <span class='ocr_line' id='line_1_47' title="bbox 133 3159 969 3206; baseline 0.004 -12"><span class='ocrx_word' id='word_1_394' title='bbox 133 3159 354 3204; x_wconf 80' lang='lat' dir='ltr'>superiorem</span> <span class='ocrx_word' id='word_1_395' title='bbox 380 3160 474 3195; x_wconf 81' lang='lat' dir='ltr'>mitti</span> <span class='ocrx_word' id='word_1_396' title='bbox 502 3162 679 3206; x_wconf 82' lang='lat' dir='ltr'>cupiebat.</span> <span class='ocrx_word' id='word_1_397' title='bbox 825 3164 838 3183; x_wconf 80' lang='lat'>⁵</span> <span class='ocrx_word' id='word_1_398' title='bbox 865 3163 969 3197; x_wconf 85' lang='lat' dir='ltr'>Auer.</span> 
     </span>
    </p>
   </div>
  </div>
 </body>
</html>
