2142 3455
586 171 630 206 ΙΙ.
666 171 892 207 Prooemium
918 171 1110 207 voluminis
1136 170 1283 206 secundi
1312 171 1473 215 (1—111).
1831 187 1913 216 XIX

143 288 309 322 stiteram
336 307 400 329 -,
435 287 499 321 sed
532 286 621 332 ipsis
654 288 875 333 temporibus
910 288 1037 329 divisi;
1073 299 1187 332 neque
1223 287 1317 322 enim
1352 299 1471 322 rerum
1506 289 1594 323 locis
1627 289 1700 324 illis
1730 291 1915 333 gestarum

142 342 246 375 tanta
272 342 350 375 erat
375 340 568 375 diversitas
594 340 652 375 vel
679 341 858 381 varietas,
896 343 937 376 ut
962 342 1077 376 altera
1102 341 1169 375 hac
1195 341 1370 375 divisione
1396 341 1449 375 uti
1481 354 1610 387 operae
1644 342 1799 388 pretium
1835 353 1914 376 esse

145 394 340 428 videretur.
391 394 586 428 Praeterea
612 406 673 435 ea,
712 406 803 439 quae
829 395 940 429 libros
966 407 987 429 a
1014 394 1156 429 Canisio
1183 395 1336 440 scriptos
1363 394 1421 429 vel
1457 395 1500 429 ab
1536 407 1576 430 eo
1612 396 1821 430 emendatos
1855 394 1915 429 vel

143 447 215 482 alia
239 448 379 481 ratione
404 447 482 492 ipso
504 448 652 482 iuvante
671 448 785 482 editos
803 450 979 493 spectant,
1006 460 1076 482 non
1094 460 1158 493 per
1175 448 1263 490 loca,
1290 448 1419 492 quibus
1437 448 1471 482 id
1490 449 1627 482 factum
1645 451 1710 491 est,
1738 449 1915 491 distribui,

143 501 225 543 sed,
251 502 292 535 ut
317 500 578 546 bibliographis
604 501 796 542 servirem,
823 504 906 546 post
930 504 1160 536 monumenta
1186 502 1345 536 locorum
1371 502 1407 535 in
1438 504 1688 544 „monumenta
1713 502 1910 537 litteraria“

142 565 258 599 eaque
284 554 506 599 temporibus
533 555 650 589 divisa
676 554 816 598 collegi.
867 553 967 596 Quae
994 557 1113 589 autem
1139 566 1254 599 neque
1281 555 1325 589 ad
1351 555 1456 597 haec,
1486 566 1603 599 neque
1629 555 1673 590 ad
1700 556 1828 600 prioris
1855 567 1914 599 ge-

144 608 240 642 neris
265 609 496 642 monumenta
521 608 701 653 pertinere
727 608 962 649 videbantur,
999 609 1034 642 in
1069 609 1139 642 fine
1174 609 1255 643 libri
1290 608 1356 643 sub
1391 608 1458 643 hoc
1493 608 1618 644 titulo:
1662 609 1914 651 „Monumenta

144 660 281 703 varia“,
307 673 420 706 eaque
447 663 483 695 ct
509 661 587 706 ipsa
613 673 676 706 per
701 663 863 706 tempora
889 661 1040 705 digesta,
1067 661 1277 706 complexus
1304 673 1394 696 sum.

264 744 339 786 III.
379 744 603 799 Epistulas
644 744 774 785 hasce
815 757 1019 796 genere
1061 746 1114 786 et
1155 744 1505 797 argumentis
1546 745 1674 787 valde
1714 745 1830 787 inter
1869 758 1914 786 se

144 808 317 851 differre
349 810 420 851 vel
452 809 592 851 obiter
623 808 867 863 inspicienti
892 811 1028 863 patet.
1083 808 1268 862 Aliquae
1300 809 1572 863 potissimum
1601 811 1657 852 ad
1678 809 1913 853 amicitiam

144 877 190 917 et
222 875 463 925 caritatem,
498 888 608 927 quae
634 873 803 916 Canisio
846 888 942 916 cum
976 873 1123 925 Sociis,
1157 874 1346 916 maxime
1378 889 1474 916 cum
1508 875 1837 926 coloniensibus,
1872 877 1916 918 et

143 953 241 982 cum
264 939 456 982 externis
479 939 735 993 quibusdam
768 941 876 990 erat,
912 939 1113 981 alendam
1135 942 1349 993 spectant.
1406 940 1515 982 Sunt
1537 940 1662 990 aliae,
1696 955 1722 982 a
1744 940 1914 983 Canisio

143 1005 199 1047 ad
242 1005 487 1059 episcopos,
529 1004 768 1059 principes,
812 1004 1080 1046 consiliarios
1121 1005 1190 1046 vel
1234 1005 1288 1047 ab
1328 1004 1395 1046 his
1433 1005 1488 1047 ad
1520 1005 1737 1048 Canisium
1771 1006 1914 1056 datae,

145 1070 299 1123 quibus
331 1070 564 1125 praecipue
598 1070 650 1112 de
681 1069 891 1123 religione
922 1070 1113 1111 iuvanda
1145 1070 1304 1123 agitur.
1368 1069 1516 1121 Aliae,
1555 1084 1721 1125 paucae
1752 1073 1914 1122 tamen,

143 1149 230 1177 non
271 1135 444 1188 quidem
483 1148 616 1177 verae
656 1134 833 1178 litterae
875 1134 1107 1178 Societatis
1156 1135 1562 1189 „quadrimestres“,
1609 1150 1716 1189 quas
1756 1150 1915 1178 vocare

143 1200 346 1251 solemus,
379 1202 493 1251 sunt,
527 1200 604 1242 sed
635 1200 691 1242 ad
721 1200 833 1242 hanc
865 1200 1079 1242 rationem
1111 1201 1208 1255 plus
1240 1200 1440 1243 minusve
1472 1201 1697 1244 accedunt.
1762 1201 1915 1252 „Rela-

142 1265 285 1308 tiones
317 1279 372 1308 ex
403 1265 622 1319 legatione
653 1266 853 1320 polonica
885 1266 1035 1309 datas“
1076 1266 1237 1308 dixeris
1273 1265 1445 1309 litteras
1484 1266 1583 1309 illas
1616 1267 1913 1321 gravissimas,

144 1345 253 1385 quas
275 1330 483 1382 Canisius,
518 1345 544 1373 a
565 1331 701 1373 Paulo
725 1332 798 1374 IV.
832 1331 1037 1386 pontifice
1070 1346 1165 1374 cum
1198 1332 1440 1383 Mentuato,
1475 1332 1626 1375 nuntio
1660 1332 1914 1387 apostolico,

143 1396 373 1450 theologus
412 1396 457 1438 in
488 1396 712 1439 Poloniam
752 1397 932 1448 missus,
975 1397 1090 1440 inter
1130 1411 1322 1439 mensem
1366 1397 1599 1440 Octobrem
1641 1412 1679 1441 a.
1716 1399 1828 1440 1558
1872 1401 1916 1440 et

143 1462 351 1505 Martium
385 1476 423 1505 a.
462 1464 573 1504 1559
617 1463 672 1505 ad
704 1462 941 1505 Martinum
974 1462 1172 1513 Cromer,
1214 1462 1420 1505 Poloniae
1460 1462 1578 1517 regis
1619 1463 1734 1518 apud
1765 1463 1916 1505 Ferdi-

142 1528 332 1570 nandum
365 1527 398 1570 I.
438 1530 678 1579 oratorem,
722 1527 932 1582 imprimis
974 1531 1120 1571 autem
1158 1528 1343 1570 Romam
1385 1528 1441 1570 ad
1472 1528 1677 1571 Iacobum
1717 1528 1916 1571 Lainium

142 1592 376 1647 (Laynez),
411 1593 643 1635 Societatis
674 1593 971 1648 praepositum
1003 1594 1277 1646 generalem,
1313 1596 1357 1636 et
1389 1594 1444 1636 ad
1477 1593 1916 1649 HieronymunrNa-

142 1658 299 1709 talem,
335 1659 427 1700 eius
466 1658 812 1709 „assistentem“‚
845 1658 964 1701 misit
996 1658 1054 1713 (p.
1089 1659 1356 1712 318—371).
1420 1659 1587 1701 Harum
1620 1659 1783 1702 similes
1814 1662 1916 1703 sunt

143 1724 387 1778 complures
430 1723 606 1766 litterae
651 1738 677 1766 a
721 1723 891 1766 Canisio
936 1738 1050 1766 anno
1094 1726 1207 1766 1560
1248 1723 1452 1778 Augusta
1492 1724 1816 1767 Vindelicorum
1860 1726 1917 1768 ad

143 1789 340 1831 Lainium
382 1788 542 1831 missae
586 1792 631 1832 et
675 1789 729 1831 ab
774 1789 854 1831 hoc
899 1789 954 1832 ad
999 1789 1161 1832 curiam
1206 1789 1474 1844 pontificiam
1517 1791 1710 1842 relatae,
1761 1791 1915 1844 quibus

143 1854 340 1897 Canisius
373 1853 523 1896 Lainio
565 1854 907 1908 obsequebatur,
952 1857 1020 1897 24.
1055 1855 1279 1897 Februarii
1313 1856 1426 1897 1560
1469 1855 1665 1898 omnibus
1707 1856 1916 1900 Societati

143 1919 242 1962 Iesu
282 1933 360 1974 per
402 1919 679 1961 Germaniam
721 1922 765 1962 et
808 1920 994 1962 Galliam
1035 1920 1296 1975 praepositis
1336 1920 1642 1975 praecipienti,
1687 1923 1758 1972 ut,
1804 1936 1915 1975 quae

141 1986 441 2039 protestantes
485 1984 726 2027 scriberent
768 1985 1109 2038 molirenturque
1154 1988 1198 2028 et
1242 1999 1353 2039 quae
1397 1985 1599 2028 catholici
1643 1989 1796 2030 contra
1840 2001 1915 2030 eos

141 2052 347 2104 agerent,
387 2049 568 2103 singulis
600 2050 820 2092 mensibus
851 2050 1102 2105 praeposito
1135 2050 1330 2104 generali
1360 2051 1686 2103 renuntiarent,
1721 2052 1776 2094 ad
1808 2067 1915 2107 pon-

139 2114 302 2158 tificem
335 2115 487 2157 eadem
518 2115 711 2157 relaturo
744 2115 876 2169 (infra
898 2130 938 2170 p.
965 2116 1232 2170 599—600).
1265 2116 1336 2158 Ex
1365 2116 1537 2168 litteris,
1572 2131 1680 2171 quas
1702 2117 1913 2169 Canisius,

142 2180 365 2223 Sociorum
396 2194 474 2234 per
507 2180 786 2223 Germaniam
818 2181 1085 2236 superiorem
1125 2181 1400 2236 praepositus
1439 2182 1741 2237 provincialis,
1783 2197 1914 2237 nego-

136 2245 298 2288 tiorum
331 2259 464 2288 causa
496 2246 551 2288 ad
583 2245 791 2298 subditos,
828 2246 1018 2289 maxime
1051 2246 1106 2289 ad
1139 2246 1420 2300 collegiorum
1451 2249 1658 2299 rectores,
1693 2248 1812 2291 dedit
1843 2249 1915 2291 vel

141 2311 195 2353 ab
236 2311 303 2353 his
344 2310 535 2366 accepit,
583 2325 776 2365 quasque
821 2312 876 2354 ad
918 2311 1090 2355 litteras
1137 2312 1528 2365 „quadrimestres“
1574 2311 1912 2366 („menstruas“,

144 2377 386 2430 ‚,annuas“)
419 2377 695 2431 complendas
728 2377 857 2419 valde
889 2377 1160 2420 necessarias
1182 2391 1277 2420 esse
1310 2380 1496 2429 constat,
1528 2377 1644 2420 haud
1665 2377 1729 2420 ita
1750 2380 1914 2422 multae

140 2441 243 2484 mihi
274 2445 449 2496 praesto
484 2445 621 2485 erant.
666 2442 916 2485 Permultae
948 2457 1052 2485 vero
1084 2443 1210 2485 huius
1236 2442 1467 2485 voluminis
1490 2443 1715 2498 epistulae,
1751 2458 1914 2498 eaeque

138 2506 419 2560 longissimae
451 2509 496 2550 et
527 2507 827 2560 gravissimae,
861 2508 916 2550 ad
942 2508 1245 2550 commercium
1267 2508 1373 2550 illud
1394 2508 1629 2563 pertinent,
1663 2509 1778 2562 quod
1799 2509 1915 2552 inter

140 2572 358 2615 Canisium
390 2573 687 2627 praepositum
719 2573 1030 2628 provincialem
1063 2576 1108 2616 et
1139 2574 1343 2616 Iacobum
1365 2573 1576 2625 Lainium,
1609 2574 1746 2617 totius
1769 2574 1915 2617 Socie-

138 2637 246 2681 tatis
285 2637 472 2692 primum
513 2638 684 2692 quidem
725 2638 937 2681 vicarium
978 2638 1234 2694 (praepositi
1271 2653 1450 2681 munere
1487 2639 1717 2693 vacante),
1760 2639 1914 2683 deinde

138 2702 436 2758 praepositum
476 2704 748 2757 generalem,
789 2704 1104 2747 intercedebat.
1168 2703 1438 2758 Quamquam
1475 2704 1607 2747 fateri
1638 2718 1707 2747 me
1740 2707 1914 2760 oportet

139 2781 196 2810 ex
226 2768 308 2810 hac
341 2782 511 2822 quoque
533 2768 820 2824 epistularum
846 2768 958 2811 serie
979 2769 1140 2811 multas
1172 2769 1358 2824 perisse;
1393 2784 1444 2811 ac
1477 2770 1591 2823 quod
1613 2770 1670 2812 ad
1702 2769 1914 2825 epistulas

138 2847 165 2876 a
187 2832 356 2876 Canisio
380 2833 435 2876 ad
456 2833 653 2876 Lainium
676 2834 804 2876 datas
829 2835 1002 2886 attinet,
1038 2848 1176 2876 annus
1212 2836 1325 2876 1560
1357 2835 1486 2877 valde
1518 2849 1702 2889 magnas
1735 2835 1914 2879 exhibet

138 2899 340 2948 lacunas;
386 2902 564 2942 econtra
607 2899 779 2942 litteras
821 2914 847 2941 a
887 2899 1038 2942 Lainio
1082 2900 1154 2941 vel
1196 2899 1332 2954 ipsius
1374 2899 1547 2942 nomine
1588 2914 1615 2943 a
1655 2900 1818 2943 Ioanne
1860 2901 1913 2944 de

138 2963 341 3015 Polanco,
376 2963 607 3007 Societatis
639 2964 889 3014 secretario,
923 2965 977 3007 ab
1010 2978 1048 3007 a.
1077 2966 1189 3006 1556
1222 2965 1277 3007 ad
1299 2979 1338 3008 a.
1365 2966 1477 3008 1559
1512 2965 1639 3009 datas
1669 2980 1912 3022 perpaucas

137 3029 331 3084 repperi;
369 3029 469 3071 inde
501 3043 604 3071 vero
637 3044 664 3072 a
694 3043 843 3072 mense
874 3028 1014 3084 Aprili
1046 3044 1084 3073 a.
1122 3031 1233 3072 1559
1267 3044 1404 3084 usque
1437 3030 1492 3073 ad
1525 3030 1691 3073 exitum
1722 3046 1761 3075 a.
1798 3033 1911 3075 1560

137 3094 231 3137 fere
271 3094 455 3148 singulis
494 3094 776 3137 hebdomadis
816 3109 903 3137 una
943 3095 1148 3150 pluresve
1180 3095 1425 3138 huiusmodi
1466 3095 1678 3151 epistulae
1718 3099 1910 3140 exstant.

137 3158 284 3213 Atque
316 3173 372 3202 ex
402 3159 482 3211 his,
515 3159 559 3202 id
591 3160 704 3214 quod
736 3159 822 3202 iam
854 3159 896 3202 in
929 3160 1150 3215 prooemio
1173 3161 1368 3215 generali
1399 3175 1468 3203 me
1499 3161 1646 3204 monui
1678 3161 1909 3213 facturum,
