2110 3412
276 774 364 809 Cum
383 785 482 819 opus,
510 773 565 807 cui
585 773 711 807 titulus
730 775 803 807 ost:
831 774 935 807 Beate?
951 774 1050 807 Petri
1072 774 1219 818 Canc'sii,
1247 776 1430 809 Soce'etatis
1449 776 1539 819 lesu,
1565 775 1751 818 Epistulae
1768 781 1798 809 et
1816 779 1913 814 Acta.

161 834 303 877 Colleyz't
329 839 358 867 et
383 833 672 867 adnotationibus
709 833 899 866 illustrarit
929 833 1005 867 Otto
1032 834 1312 878 Brazmsberyer,
1348 835 1500 868 eiusdem
1526 835 1712 869 Societatis
1744 837 1915 871 sacerdos.

160 895 324 927 l'olzcmen
349 894 552 935 secundum,
579 903 756 932 censores,
783 892 912 936 quibus
938 892 973 926 id
1000 892 1229 926 commissum
1254 892 1341 935 fuit,
1367 894 1644 937 recognoverint
1669 895 1705 927 et
1731 893 1788 928 edi
1814 905 1918 939 posse

156 952 404 993 iudicaverint,
430 951 641 986 facultatem
662 952 899 993 concedimus,
918 953 957 985 ut
976 951 1157 995 vulgetur,
1176 951 1206 986 si
1224 952 1275 986 ita
1293 952 1347 993 iis,
1373 953 1418 987 ad
1436 964 1525 998 quos
1543 952 1708 997 pertinet,
1727 953 1918 988 videbitur.

274 1012 315 1045 In
340 1022 491 1055 quorum
516 1011 621 1045 fidem
647 1011 714 1045 has
739 1011 881 1045 litteras
906 1023 1015 1045 manu
1040 1013 1164 1045 nostra
1189 1011 1412 1056 subscriptas
1437 1014 1473 1046 et
1489 1012 1608 1056 sigillo
1628 1012 1786 1047 muneris
1803 1013 1918 1047 nostri

158 1071 313 1105 munitas
340 1070 511 1105 dedimus.

276 1171 445 1214 Exaeten,
472 1169 527 1204 die
557 1171 585 1204 1.
613 1169 827 1204 Novembris
856 1170 956 1205 1897.

280 1339 320 1379 (L
360 1339 410 1383 S)
1282 1284 1508 1324 Henricus
1537 1285 1668 1325 Haan
1699 1285 1740 1326 S.
1769 1285 1812 1325 J.

1338 1387 1465 1432 Praep.
1492 1386 1598 1421 Prov.
1626 1386 1745 1421 Germ.

740 1540 982 1613 imprimi
1022 1541 1359 1612 permittitur.

276 1660 460 1709 Fm'bmyc‘
488 1660 709 1709 B›··2390m·ae
738 1659 798 1697 die
834 1659 890 1697 10.
921 1659 1148 1697 Decembris
1182 1659 1297 1696 1897.

921 1759 947 1804 ἦ·
976 1757 1232 1797 Fridericus
1261 1756 1422 1796 Justus
1451 1755 1629 1795 Knecht
1657 1756 1730 1795 vic.
1762 1769 1846 1806 cap.

844 2035 1055 2071 Protestatio
1081 2036 1231 2071 editoris.

273 2112 314 2138 Ut
333 2112 450 2144 legibus
470 2111 506 2137 ab
526 2111 650 2138 Urbano
672 2112 751 2138 VIII.
772 2119 889 2138 summo
909 2111 1051 2144 pontifice
1073 2111 1113 2138 13.
1134 2111 1235 2137 Martii
1251 2111 1327 2141 1625,
1347 2110 1543 2138 5.1unii1631
1565 2110 1621 2136 etc.
1641 2110 1711 2136 latis
1732 2118 1764 2136 ac
1786 2111 1918 2137 decretis

157 2160 264 2185 Sacrae
285 2159 409 2186 Rituum
430 2159 680 2192 Congregationis
700 2159 843 2190 satisfiat.
870 2159 969 2185 editor
988 2158 1151 2192 profitetur
1171 2166 1378 2192 quaecumque
1397 2159 1426 2184 in
1447 2159 1504 2184 hoc
1523 2157 1677 2184 volumine
1697 2160 1862 2184 narrantur
1882 2158 1919 2185 de

157 2207 313 2232 hominum
331 2206 496 2232 illustrium
515 2206 691 2237 virtutibus,
712 2206 873 2237 miraculis,
892 2205 1141 2236 revelationibus,
1162 2206 1192 2231 et
1212 2206 1237 2232 si
1258 2213 1334 2239 quae
1349 2206 1406 2232 alia
1419 2204 1603 2236 referuntur,
1624 2212 1701 2238 quae
1716 2206 1842 2231 naturae
1856 2205 1920 2232 vim

157 2254 187 2280 et
208 2254 413 2280 condicionem
434 2254 580 2280 excedere
601 2254 772 2285 videantur,
792 2254 834 2280 ita
854 2261 886 2279 se
906 2253 985 2279 velle
1004 2253 1147 2285 intellegi,
1167 2253 1201 2279 ut
1220 2261 1237 2279 a
1256 2253 1377 2286 privata
1397 2253 1516 2279 tantum
1535 2253 1717 2279 auctoritate
1738 2254 1875 2286 profecta
1889 2253 1919 2279 et

157 2302 287 2328 humana
306 2302 425 2327 tantum
446 2301 504 2328 fide
526 2301 616 2334 digna
636 2309 702 2328 esse
723 2302 913 2330 censeantur.
933 2300 991 2327 nisi
1012 2308 1029 2326 a
1050 2301 1154 2326 sancta
1175 2300 1302 2326 ecclesia.
1323 2300 1491 2334 approbata
1510 2300 1581 2326 sint.

607 2522 852 2574 &OSTON
864 2512 1138 2567 COLLEGE
1147 2496 1419 2556 LIBRARY

653 2590 985 2645 CHESTNUT
1002 2584 1157 2633 HILL.
1175 2578 1355 2627 MASS.

760 2831 1173 2935 (Mt-395)

542 3002 671 3044 Salvo
703 3002 796 3044 iure
827 3001 1108 3056 proprietatis
1141 3004 1185 3044 et
1217 3001 1528 3044 translationis.

695 3151 787 3185 Typis
807 3151 1011 3179 Herderianis,
1032 3150 1171 3183 Friburgi
1190 3150 1378 3183 Brisgoviae.
