2142 3455
199 301 309 343 1557

208 446 298 481 1557

208 553 299 588 1557

210 659 300 694 1557

210 712 300 748 1557

213 819 302 854 1557

213 873 303 907 1557

214 956 316 993 1557

215 1090 305 1124 1557

217 1249 307 1284 1557

217 1356 308 1391 1557

219 1463 308 1498 1557

219 1517 308 1551 1557

219 1606 321 1644 1557

166 1819 219 1861 Α.
258 1819 367 1860 1557

144 1886 392 1926 exeunteet

165 1949 277 1990 1558
309 1948 375 1990 in-

200 2017 331 2056 eunte

220 2303 321 2341 1557

219 2421 321 2460 1557

159 2600 262 2638 1557
295 2600 373 2643 (vel

189 2658 350 2697 ineunte

172 2731 208 2756 a.
241 2719 359 2766 1558)

169 2778 270 2815 1557
302 2777 368 2815 vel

221 2837 324 2874 1558

222 2902 324 2940 1558

217 3115 328 3156 1558

628 182 719 217 1557
746 182 812 217 sub
840 182 932 226 Aug.
962 181 1016 216 19.
1043 201 1089 205 -—
1118 180 1208 215 1558
1234 180 1411 215 Ianuario.

493 299 607 343 Nov.
644 301 681 342 1.

509 445 600 481 Nov.
628 446 660 481 2.

510 552 602 588 Nov.
629 552 660 587 2.

511 659 602 694 Nov.
631 660 662 694 3.

445 713 536 748 Nov.
565 714 597 748 3.
628 712 676 757 (h.
704 712 737 746 4.

529 765 647 812 vesp.)

513 820 604 854 Nov.
631 820 663 854 6.

512 872 604 907 Nov.
632 873 663 907 7.

446 955 531 995 Oct.
566 977 610 982 -—
641 955 736 993 Dec.

451 1089 530 1125 Oct.
556 1089 616 1124 vel
640 1089 732 1124 Nov.

452 1249 532 1285 Oct.
558 1249 618 1283 vel
642 1248 734 1283 Nov.

423 1368 444 1391 a
464 1356 517 1391 18.
537 1356 582 1391 ad
602 1357 658 1391 21.
677 1355 768 1390 Nov.
792 1357 794 1369 ¹

463 1464 550 1499 Dec.
576 1463 722 1498 ineunte

520 1517 605 1552 Dec.
633 1516 665 1551 8.

550 1607 645 1646 Dec.

505 2307 600 2345 Dec.
634 2307 693 2344 16.

505 2426 602 2464 Dec.
632 2426 693 2464 21.

499 3113 701 3156 Ianuario

1751 193 1908 221 XXXIII

809 299 989 342 Meridie
1023 299 1066 341 in
1099 313 1265 341 summo
1298 299 1462 354 templo
1496 298 1794 348 contionatur,
1835 299 1912 341 ad-

869 364 1087 408 stantibus
1119 364 1212 407 fere
1246 366 1361 407 3000
1394 364 1650 407 hominibus.

810 445 964 480 Senatus
983 445 1196 479 coloniensis
1216 444 1409 487 Canisium,
1434 445 1518 479 vino
1541 444 1769 487 „honorario“
1791 445 1913 488 misso,

871 499 1019 533 salutat.

785 551 976 587 *Canisins
1019 552 1113 597 apud
1152 551 1412 586 Carthusianos
1453 552 1628 597 prandet,
1672 551 1913 594 contionatur,

870 605 964 650 stipe
991 605 1154 639 donatur.

811 658 946 692 Iterum
974 658 1068 702 apud
1096 657 1320 703 Gropperum
1348 658 1510 703 prandet.

787 711 851 771 {In
894 711 1017 745 schola
1060 711 1250 745 dialectica
1293 712 1335 745 de
1377 711 1507 746 studiis
1548 711 1758 746 liberalibus
1801 710 1915 745 latine

872 764 968 798 dicit.

788 837 789 869 3
811 817 1006 861 Navigium
1033 817 1241 851 conscendit
1265 817 1490 852 Vormatiam
1517 829 1740 852 reversurus.

788 874 789 901 l
812 869 956 905 Bonnae
983 870 1160 904 subsistit.

812 953 1042 1004 Anicetpiae
1080 954 1228 991 Canisii
1258 950 1469 1003 „Samma“
1509 954 1657 1003 editur,
1695 955 1741 992 ab
1773 954 1918 992 Ioanne

872 1027 943 1052 vari
972 1015 1130 1052 Hemert
1159 1014 1312 1051 vlamice
1341 1026 1459 1051 versa.

813 1088 884 1123 Per
909 1088 1101 1123 Saxoniam
1130 1100 1148 1122 e
1174 1090 1353 1132 suggestu
1386 1088 1620 1133 pronuntiant
1659 1087 1862 1129 Canisium,
1899 1099 1918 1122 e

873 1153 937 1176 suo
976 1153 1056 1176 cum
1093 1141 1371 1176 Melanchthone
1404 1153 1600 1186 congressu
1636 1142 1680 1176 ad
1716 1141 1917 1176 contionem

873 1196 1092 1237 redeuntem,
1119 1195 1236 1229 subito
1263 1195 1484 1229 exstinctum
1511 1206 1602 1230 esse.

815 1249 981 1284 Canisius
1007 1246 1221 1284 Vormatiae
1247 1260 1328 1283 cum
1356 1248 1534 1292 theologis
1569 1247 1839 1283 lovaniensibus
1875 1247 1918 1282 de

875 1302 1027 1346 collegio
1053 1301 1254 1336 lovaniensi
1281 1302 1437 1337 iuvando
1464 1302 1551 1346 agIt.

816 1356 886 1391 PP.
907 1355 1101 1397 Salmeron,
1122 1355 1371 1396 Ribadeneira,
1389 1356 1550 1397 Adriani,
1570 1355 1603 1390 S.
1624 1356 1668 1398 J.‚
1695 1355 1732 1390 in
1750 1355 1918 1399 Belgium

875 1409 1064 1444 tendentes
1091 1409 1275 1444 Canisium
1302 1409 1510 1444 Vormatiae
1536 1409 1708 1444 salutant.

818 1463 984 1498 Canisius
1010 1463 1237 1498 contionatur
1262 1465 1299 1497 et
1324 1474 1456 1508 pueros
1481 1462 1672 1497 instituere
1697 1462 1834 1508 incipit.

818 1517 1003 1561 Colloquio
1030 1517 1192 1561 abrupto,
1219 1516 1407 1551 Vormatia
1433 1516 1519 1551 abit.

819 1606 966 1645 Cani-sii
987 1611 1019 1643 et
1041 1607 1206 1644 aliorum
1227 1608 1381 1644 hortata
1400 1606 1716 1643 Bartholomaeus
1734 1605 1921 1643 Latomas

878 1666 1042 1703 libellam
1074 1666 1273 1704 conscribit
1310 1670 1441 1703 contra
1469 1665 1791 1702 fflelatichtlionem
1823 1666 1921 1702 eius-

878 1739 948 1775 que
977 1727 1017 1763 in.
1045 1726 1225 1775 colloquio
1252 1725 1419 1775 colleyas.

819 1819 1015 1862 Canisius
1048 1819 1102 1861 ab
1134 1819 1318 1861 Erasmo
1360 1819 1412 1861 de
1444 1818 1673 1872 Limburg,
1717 1817 1920 1872 episcopo

879 1884 1252 1938 argentoratensi,
1292 1887 1474 1937 rogatus
1508 1897 1604 1925 cum
1637 1896 1687 1924 eo
1720 1882 1812 1925 fere
1846 1896 1924 1937 per

879 1964 1071 1992 mensem
1115 1949 1235 2003 degit
1268 1948 1481 1991 Tabernis
1515 1947 1735 2001 Alsatiae,
1776 1948 1922 2002 ibique

883 2017 1097 2069 „Parcmn
1130 2016 1421 2058 catechismum
1457 2013 1791 2057 Catholicorzmz“
1828 2029 1922 2057 cow-

879 2082 1025 2123 scribit
1057 2084 1101 2123 et
1132 2080 1277 2135 pueris
1310 2079 1522 2134 explicat,
1565 2093 1714 2121 eorum
1752 2079 1922 2122 confes-

879 2146 1022 2189 siones
1071 2145 1257 2201 excipit,
1310 2145 1611 2195 contionatum
1664 2158 1743 2199 per
1789 2144 1956 2187 ferias·

879 2211 1106 2254 natalitias
1139 2210 1317 2266 parochi
1348 2224 1504 2252 munus
1536 2209 1664 2253 subit.

824 2307 1023 2356 Philippus
1054 2305 1109 2343 H.
1147 2305 1344 2343 Braxellis
1383 2305 1494 2342 edicit
1503 2334 1516 2354 7
1556 2308 1595 2341 ιιι
1632 2305 1671 2342 in
1711 2303 1923 2342 Germania

880 2366 1062 2414 inferiore
1090 2365 1193 2402 solas
1230 2364 1476 2402 catechismus
1506 2363 1654 2401 Canisii
1685 2363 1923 2402 adhibeatur.

822 2426 1004 2463 Nicolans
1050 2424 1216 2474 Zeyeras
1258 2423 1298 2461 O.
1340 2422 1379 2461 S.
1421 2422 1490 2461 Fr.
1537 2435 1649 2460 snam
1691 2419 1922 2472 „Sanmrzae“

880 2486 1100 2522 canisianae
1136 2485 1341 2521 versionem
1375 2482 1575 2520 vlamicam
1604 2484 1670 2532 „in
1700 2494 1822 2520 eremo
1849 2483 1925 2520 Bo-

881 2540 1080 2582 tentalica“
1112 2542 1280 2580 absolvit.

822 2603 968 2642 Cani-sii
989 2599 1230 2652 „Lectiones“
1253 2601 1491 2651 (,‚Epistolae
1520 2605 1554 2638 et
1573 2597 1826 2651 Ecanqelia‘v
1847 2600 1922 2638 Lo-

882 2665 985 2701 vcmii
1014 2662 1247 2712 ecnlyantar.

822 2783 1041 2820 Protestans
1068 2781 1225 2830 quidam
1245 2792 1395 2817 carmen
1410 2779 1642 2828 probrosam
1661 2780 1700 2816 in
1724 2778 1924 2816 Cam'siam

883 2842 1038 2891 eralqaz‘.

823 2901 970 2938 Canis-ii
990 2896 1200 2949 ‚,Samma“
1223 2899 1338 2935 latine
1356 2898 1587 2947 Autem-piae
1612 2896 1720 2947 (bis),
1748 2897 1925 2948 Lovanii,

883 2960 1067 3009 l'enetiis,
1096 2958 1334 2996 Vindobonae
1363 2957 1586 3006 amiantum
1614 2957 1741 2994 eadem
1771 2957 1926 2994 vlann'ce

882 3032 990 3057 versa
1018 3018 1180 3056 Locanii
1210 3018 1346 3055 editur.

823 3112 1019 3156 Canisius
1041 3111 1252 3154 Tabernis
1275 3109 1623 3166 Argentoratum
1645 3108 1778 3159 venit,
1813 3109 1925 3152 unde

882 3192 960 3233 per
993 3175 1308 3229 Selestadium‚
1342 3174 1625 3227 Colmariam,
1659 3173 1925 3227 Rubcacum‚

1595 3245 1647 3278 c*
