2142 3455
219 175 277 203 XL

292 275 382 310 1500

292 382 383 417 1560

294 488 383 523 1560

292 595 383 630 1560

292 702 383 738 1560

293 756 383 791 1560

293 863 383 897 1560

293 917 384 951 1560

293 1023 384 1059 1560

294 1131 385 1166 1560

294 1185 385 1219 1560

295 1239 385 1273 1560

294 1345 385 1380 1560

293 1452 385 1487 1560

293 1559 385 1594 1560

294 1667 385 1702 1560

293 1775 385 1809 1560

293 1882 385 1917 1560

294 2024 396 2061 1560

294 2164 386 2199 1560

296 2271 386 2305 1560

295 2377 386 2412 1560

287 2521 400 2563 1560

296 2736 386 2771 1560

297 2948 386 2983 1560

296 3107 386 3142 1560

294 3160 386 3195 1560

681 157 743 191 ΙΙΙ.
781 156 940 191 Tabulae
967 156 1239 200 chronologicae
1267 158 1364 192 vitae
1392 158 1535 193 Canisii.

585 273 691 307 Mart.
722 273 752 308 1.

585 379 692 414 Mart.
720 379 752 413 3.

584 485 691 520 Mart.
719 487 751 521 4.

585 595 692 629 Mart.
720 596 752 628 6.

585 702 681 735 Mart

574 756 681 789 Mart.

574 862 681 896 Mart.

569 916 678 950 Mart.

570 1023 676 1057 Mart.

570 1130 677 1164 Mart.

570 1183 676 1218 Mart.

570 1238 675 1271 Mart.

570 1344 677 1378 Mart.

569 1452 678 1486 Mart.

569 1558 678 1592 Mart.

570 1665 677 1699 Mart.

570 1772 677 1806 Mart.

571 1878 678 1913 Mart.

499 2022 615 2059 Mart.
655 2021 719 2059 vel
748 2020 843 2071 Apr.

539 2081 600 2129 (ut
627 2080 799 2128 videtur)

595 2162 681 2207 Apr.

595 2269 681 2314 Apr.

596 2375 682 2421 Apr.

539 2518 593 2560 ab
625 2516 730 2571 Apr.
797 2552 805 2560 .

685 728 691 734 .
720 700 752 734 8.

710 753 764 788 10.

711 861 765 896 11.

709 915 761 949 13.

707 1022 760 1056 15.

708 1129 760 1162 17.

707 1182 761 1216 18.

704 1235 759 1270 20.

705 1343 761 1377 22.

705 1450 761 1484 24.

706 1557 761 1592 25.

706 1663 761 1698 27.

706 1771 762 1805 29.

707 1878 762 1912 31.

712 2162 741 2196 1.

710 2268 741 2302 3.

710 2375 742 2410 5.

590 2583 645 2625 ad
679 2584 747 2625 21.

595 2737 682 2781 Apr.

596 2949 681 2994 Apr.

588 3107 673 3153 Apr.

588 3162 673 3206 Apr.

711 2737 742 2770 7.

709 2949 740 2984 8.

703 3108 757 3142 11.

703 3161 756 3196 14.

865 271 867 280 ¹
891 272 1057 306 Canisius
1085 272 1136 316 (in
1163 272 1296 317 templo
1324 272 1358 306 S.
1386 272 1539 315 Ioannis,
1565 277 1606 309 ut
1633 275 1789 318 videtur)
1819 275 1861 309 de
1888 276 1988 310 deca-

951 326 1033 369 logo
1061 325 1266 360 christianis
1293 325 1516 361 observando
1543 327 1640 362 dicit.

866 377 867 401 1
892 379 994 414 Dom.
1021 379 1048 413 Ι.
1075 379 1206 420 Quadr.
1235 379 1270 412 in
1297 390 1436 413 summo
1462 381 1596 425 templo
1623 381 1665 416 de
1698 382 1886 426 evangelio
1922 382 1991 416 diei

952 435 989 466 et
1015 433 1057 466 de
1084 432 1215 466 ieiunio
1242 432 1339 466 dicit.

892 485 957 520 Die
976 485 1097 520 Lunae
1124 486 1166 519 de
1193 485 1383 529 evangelio
1411 486 1479 520 (1101
1506 488 1542 520 et
1568 487 1610 520 de
1637 487 1774 523 duabus
1799 488 1871 523 illis
1890 489 1991 523 deca—

951 539 1024 582 logi
1051 539 1185 573 tabulis
1212 539 1308 573 dicit.

892 592 957 627 Die
984 593 1154 627 Mercurii
1180 593 1223 627 de
1250 592 1439 637 cvangelio
1467 593 1536 627 diei
1562 595 1599 627 et
1624 594 1667 628 de
1693 594 1806 639 primo
1830 595 1992 639 decalogi

952 647 1146 691 praecepto
1173 646 1269 680 dicit.

892 699 958 734 Die
985 699 1138 734 Veneris
1166 700 1207 733 (10
1234 700 1425 743 evangelio
1452 699 1522 734 diei
1549 700 1646 734 dicit.

891 753 993 787 Dom.
1017 753 1060 787 II.
1081 753 1212 794 Quadr.
1240 753 1283 787 de
1309 753 1498 797 evangelio
1525 753 1595 787 diei
1622 757 1658 788 et
1683 754 1726 788 de
1752 755 1865 799 primo
1891 767 1991 800 prae—

952 809 1056 851 cepto
1082 807 1179 841 dicit.

892 859 958 894 Die
984 859 1106 894 Lunae
1133 860 1175 894 de
1202 860 1315 905 primo
1342 862 1535 906 praecepto
1561 860 1658 894 dicit.

867 913 958 960 ,Die
985 913 1154 947 Mercurii
1190 914 1232 947 de
1268 914 1367 948 cultu
1402 914 1468 948 Dei
1503 916 1652 948 externo
1688 914 1766 948 sive
1801 914 1844 948 de
1883 915 1991 949 caeri-

867 961 868 979 1

952 967 1082 1000 1110111ἰο
1109 967 1208 1002 dicit.

892 1019 957 1054 Die
983 1019 1135 1054 Veneris
1162 1021 1204 1054 de
1231 1020 1421 1064 evangelio
1447 1020 1516 1055 diei
1547 1022 1583 1054 et
1619 1020 1661 1055 (10
1697 1020 1923 1056 caerimoniis
1949 1033 1992 1056 ac

951 1074 1108 1107 maxime
1135 1074 1177 1107 de
1204 1073 1379 1108 sacrificio
1406 1074 1503 1110 dicit.

866 1131 867 1158 1
891 1127 992 1161 Dom.
1021 1127 1081 1161 ΙΙΙ.
1110 1126 1240 1168 Quadr.
1269 1127 1310 1160 de
1338 1127 1527 1171 evangelio
1554 1127 1623 1161 diei
1650 1127 1886 1162 contionatur.

891 1180 956 1213 Die
971 1179 1092 1214 Lunae
1111 1180 1153 1214 de
1168 1180 1356 1223 evangelio
1373 1180 1451 1222 diei,
1471 1180 1634 1222 ecclesia,
1654 1181 1879 1215 caerimoniis
1894 1181 1990 1216 dicit.

892 1233 956 1267 Die
983 1233 1152 1267 Mercurii
1179 1234 1222 1267 de
1249 1234 1438 1277 evangelio
1464 1234 1534 1267 diei
1567 1245 1608 1268 ac
1643 1234 1686 1268 de
1721 1234 1894 1269 ecclesiae
1919 1237 1991 1269 tra-

951 1287 1145 1321 ditionibus
1172 1288 1207 1321 et
1234 1287 1459 1321 caerimoniis
1486 1287 1581 1321 dicit.

891 1340 956 1374 Die
983 1340 1135 1374 Veneris
1171 1341 1213 1374 de
1250 1340 1439 1383 evangelio
1475 1340 1544 1375 diei
1580 1343 1616 1375 et
1650 1340 1807 1375 maxime
1839 1341 1882 1375 de
1917 1341 1992 1376 Deo

956 1394 1010 1436 „in
1038 1394 1167 1439 spiritu
1194 1395 1230 1428 et
1256 1393 1430 1428 veritat&
1462 1394 1642 1428 adorando
1669 1394 1765 1428 dicit.

891 1447 994 1482 Dom.
1021 1447 1083 1482 IV.
1111 1447 1242 1489 Quadr.
1270 1448 1313 1481 de
1339 1448 1417 1482 eius
1452 1447 1522 1482 diei
1557 1447 1696 1482 ratione
1732 1450 1769 1482 et
1803 1448 1992 1491 evangelio

952 1501 1048 1536 dicit.

891 1554 998 1589 Festo
1017 1555 1311 1589 Annuntiationis
1331 1555 1369 1589 Β.
1384 1555 1432 1589 M.
1448 1555 1492 1590 V.
1512 1555 1555 1589 de
1572 1554 1711 1589 ratione
1730 1554 1810 1596 diei,
1831 1555 1868 1589 B.
1883 1555 1931 1589 M.
1947 1554 1991 1589 V.

952 1608 1110 1649 colenda,
1137 1608 1355 1643 salutatione
1381 1608 1546 1651 angelica
1571 1608 1758 1643 recitanda
1783 1608 1880 1642 dicit.

891 1662 957 1696 Die
994 1662 1166 1696 Mercurii
1204 1662 1246 1695 de
1285 1661 1475 1705 evangelio
1508 1662 1597 1704 diei,
1636 1662 1750 1707 primo
1790 1663 1991 1707 praecepto,

952 1715 1053 1750 cultu
1078 1717 1285 1750 sanctorum
1312 1715 1410 1750 dicit.

892 1769 958 1803 Die
984 1768 1137 1803 Veneris
1163 1769 1205 1802 de
1232 1769 1422 1813 evangelio
1455 1768 1525 1803 diei
1551 1768 1638 1803 dicit
1664 1770 1700 1803 et
1726 1768 1861 1802 cultum
1891 1779 1992 1803 sanc-

951 1824 1070 1857 torum
1098 1822 1270 1857 defendit.

867 1865 869 1890 ²
893 1876 994 1910 Dom.
1022 1875 1207 1910 Passionis
1234 1876 1276 1910 de
1302 1887 1406 1910 sacro
1423 1875 1603 1921 passionis
1629 1877 1790 1920 tempore
1818 1875 1906 1910 bene
1933 1876 1991 1910 ad-

953 1929 1107 1964 hibendo
1134 1929 1230 1964 dicit.

893 2020 1075 2057 Ioannem
1105 2018 1380 2068 fllonkeminm,
1408 2023 1587 2056 rectorem
1616 2018 1993 2067 clusseldoqiz'ensem,

954 2080 998 2116 de
1019 2079 1213 2115 erroribus
1226 2091 1300 2127 per
1321 2079 1401 2115 eius
1420 2079 1684 2116 catechismmn
1699 2079 1846 2126 sparsis
1860 2083 1992 2116 monet.

894 2159 959 2194 Die
986 2159 1107 2193 Lunae
1134 2160 1176 2193 de
1210 2159 1398 2202 evangelio
1434 2159 1503 2193 diei
1539 2160 1575 2193 et
1609 2158 1765 2193 maxime
1801 2158 1844 2193 de
1879 2160 1993 2198 sacris

953 2212 1172 2255 imaginibus
1199 2213 1295 2248 dicit.

893 2266 959 2301 Die
985 2265 1156 2300 Mercurii
1183 2266 1225 2300 de
1252 2265 1441 2310 evangelio
1477 2265 1546 2300 diei
1583 2267 1619 2300 et
1653 2277 1839 2300 sacrarum
1868 2265 1992 2310 imagi-

952 2331 1039 2353 num
1065 2321 1164 2354 recto
1190 2331 1258 2354 usu
1285 2319 1382 2354 dicit.

894 2373 959 2407 Die
1002 2373 1150 2407 Veneris
1189 2373 1232 2407 de
1271 2372 1461 2417 evangelio
1499 2372 1570 2407 diei
1607 2373 1643 2406 et
1685 2372 1728 2406 de
1766 2371 1896 2406 animis
1931 2383 1995 2417 per

952 2426 1212 2472 paenitentiam
1239 2426 1283 2460 ad
1309 2426 1443 2461 festum
1470 2425 1639 2471 paschale
1665 2425 1834 2470 parandis
1860 2425 1956 2459 dicit.

894 2516 1107 2570 Tempore
1150 2515 1346 2570 paschali
1386 2515 1613 2568 Augustae
1656 2516 1740 2557 900
1785 2514 1992 2563 homines,

954 2581 1112 2623 Canisii
1160 2580 1432 2624 contionibus
1478 2580 1610 2630 moti,
1662 2579 1718 2621 ad
1765 2579 1994 2621 ecclesiam

951 2648 1246 2689 revertunt-ur.

894 2734 994 2769 Dom.
1021 2733 1227 2768 Palmarum
1248 2733 1414 2768 Canisius
1440 2744 1544 2767 mane
1570 2732 1613 2767 (10
1636 2732 1789 2767 ecclesia
1811 2731 1992 2766 Christum

953 2787 1164 2822 crucifixum
1190 2787 1387 2822 honorante
1414 2788 1450 2821 et
1476 2786 1519 2821 de
1545 2785 1792 2834 paenitentiae
1827 2784 1994 2830 operibus

952 2843 1079 2886 sponte
1097 2840 1348 2886 suscipiendis,
1376 2842 1460 2885 post
1477 2839 1668 2885 prandium
1687 2839 1730 2874 de
1748 2849 1856 2873 verae
1875 2837 1993 2883 paeni-

952 2895 1089 2928 tentiae
1114 2894 1254 2928 ratione
1280 2894 1376 2928 dicit.

893 2947 959 2982 Die
986 2947 1107 2982 Lunae
1133 2947 1176 2981 de
1203 2946 1391 2990 evangelio
1417 2945 1487 2980 diei
1514 2947 1550 2980 et
1585 2946 1628 2980 de
1664 2944 1843 2980 erroribus
1869 2945 1993 2978 contra

953 3001 1211 3046 paenitentiam
1246 3003 1283 3034 et
1317 3001 1547 3045 peccatorum
1581 2998 1842 3034 confessionem
1877 2996 1993 3030 divul-

955 3054 1051 3098 gatis
1078 3054 1175 3088 dicit.

894 3108 935 3142 In
965 3107 1105 3150 „Coena
1130 3106 1291 3141 Domini“
1322 3106 1365 3141 de
1393 3105 1527 3141 Christi
1553 3105 1721 3151 passione
1751 3102 1847 3138 dicit.

895 3160 1080 3195 Dominica
1106 3159 1290 3206 paschatis
1317 3159 1360 3194 de
1386 3159 1521 3195 Christi
1546 3157 1808 3194 resurrectione
1833 3155 1931 3190 dicit.
