2142 3455
206 162 306 190 XXII
639 147 682 181 II.
719 146 943 181 Prooemium
971 147 1162 181 voluminis
1187 148 1334 182 secundi
1363 148 1438 191 (IV,
1465 149 1515 192 2).

203 263 564 314 Hammontanus,
599 263 827 316 lViguleus
850 264 1014 313 Hundt,
1049 264 1232 306 Iacobus
1264 264 1406 314 Ionas,
1440 266 1655 308 Henricus
1682 266 1968 317 Schweicker,

205 328 417 369 Heni-icus
441 328 710 371 Scribonius:
745 329 831 379 alii,
866 330 986 370 velut
1013 329 1160 371 Simon
1183 329 1442 372 Thaddaeus
1464 331 1570 381 Eck,
1604 332 1819 374 Bavariae
1852 332 1971 374 ducis

203 393 489 434 cancellarius
536 393 758 446 religionis
806 393 1172 444 studiosissimus,
1225 397 1269 437 et
1315 395 1490 437 Marcus
1537 395 1708 438 Welser
1761 397 1969 446 „senior“,

201 457 409 511 patricius
435 462 720 511 augustanus.
756 458 887 501 etiam
921 458 1184 511 singularem
1218 459 1428 501 bonorum
1460 459 1746 514 spiritualium
1781 476 1970 504 commu-

200 522 372 564 nionem
414 537 511 565 cum
553 523 771 566 Societate
811 523 910 565 Iesu
950 523 1139 574 inibant;
1187 538 1297 577 quae
1339 524 1483 566 omnia
1523 524 1567 566 in
1607 525 1700 580 ipso
1741 527 1821 569 hoc
1861 527 1970 569 libro

202 587 417 641 copiosius
451 591 740 642 exponuntur.

320 653 516 695 Societas
549 654 644 707 ipsa
675 653 718 694 in
743 653 975 696 Germania
997 654 1219 708 superiore
1243 655 1296 696 ab
1320 669 1432 696 anno
1462 656 1572 696 1556
1596 655 1650 697 ad
1673 669 1832 697 annum
1857 658 1969 699 1560

201 717 370 759 Canisio
405 718 511 760 duce
535 718 762 761 continuos
794 733 1132 773 progressus
1165 719 1367 762 faciebat.
1422 719 1612 773 Collegio
1642 720 1971 773 ingolstadiensi

199 782 348 824 schola
379 797 634 837 puerorum,
669 784 853 838 amplior
884 784 1071 835 reditus,
1113 799 1215 839 pars
1248 784 1535 828 bibliothecae
1567 785 1774 827 Aventini
1807 786 1969 829 addita.

199 848 437 901 Collegium
470 863 742 899 monacense,
776 849 847 891 ubi
880 863 993 891 anno
1029 851 1141 891 1559
1176 851 1229 891 ab
1251 849 1434 892 Alberto
1457 851 1510 893 V.
1545 850 1651 892 duce
1685 851 1969 894 constitutum

199 915 279 963 est,
313 914 442 956 valde
474 915 630 956 florere
664 914 817 969 coepit.
872 914 990 956 Idem
1025 914 1113 956 dux
1145 914 1425 968 collegiorum
1457 915 1714 958 Landishuti
1747 918 1791 958 et
1818 916 1970 959 Strau-

199 978 355 1031 bingae
397 979 718 1021 condendorum
760 980 845 1021 iam
886 982 990 1022 tunc
1033 979 1257 1021 consilium
1298 980 1425 1034 cepit.
1489 981 1705 1023 Antonius
1743 981 1969 1031 Quadrius‚

198 1043 461 1086 Ferdinandi
494 1045 524 1087 I.
560 1045 749 1087 caesaris
783 1045 1032 1097 chirurgus,
1077 1045 1253 1098 eiusque
1292 1059 1402 1087 uxor
1434 1060 1637 1099 magnam
1670 1046 1802 1101 ampli
1833 1047 1970 1101 patri-

198 1109 330 1150 monii
376 1112 546 1163 partem
598 1109 781 1162 collegio
828 1109 873 1150 in
920 1109 1047 1150 Valle
1095 1109 1265 1151 Tellina
1311 1109 1576 1152 instituendo
1625 1111 1799 1153 donant.
1872 1112 1970 1166 Ipse

198 1173 496 1216 Ferdinandus
528 1174 804 1227 magnificum
839 1174 1049 1216 Societati
1081 1174 1311 1227 collegium
1344 1174 1586 1229 Oeniponte
1617 1179 1759 1229 parat,
1798 1176 1971 1230 collegii

197 1239 532 1281 vindobonensis
565 1240 731 1282 reditus
763 1242 898 1293 auget
930 1239 1054 1292 eique
1086 1239 1420 1294 typographiam
1456 1240 1590 1283 addit.
1645 1241 1846 1294 Collegiis
1868 1256 1969 1296 pra—

197 1305 321 1357 gensi
354 1308 397 1348 et
430 1305 742 1347 vindobonensi
774 1305 926 1347 domus
968 1305 1181 1358 quaedam
1220 1305 1561 1358 coniunguntur,
1604 1306 1866 1360 pauperibus
1897 1306 1970 1349 lit-

197 1372 391 1412 terarum
444 1370 675 1421 studiosis,
730 1371 803 1424 qui
849 1373 1005 1425 postea
1057 1370 1308 1413 sacerdotes
1360 1370 1495 1413 futuri
1543 1371 1654 1421 sint,
1709 1371 1969 1415 destinatae.

198 1434 451 1489 Complures
484 1436 811 1491 archiepiscopi,
846 1437 899 1478 de
932 1435 1086 1489 quibus
1117 1435 1205 1477 iam
1238 1435 1348 1486 dixi,
1383 1436 1611 1491 episcopus
1643 1436 1969 1491 herbipolensis,

198 1501 449 1543 cathedrale
491 1501 728 1556 capitulum
771 1504 1134 1555 argentoratense
1175 1501 1228 1543 de
1261 1501 1480 1544 Societate
1521 1502 1565 1543 in
1607 1501 1826 1544 dioeceses
1867 1516 1970 1544 suas

195 1565 438 1608 inducenda
471 1570 620 1620 agunt.
675 1567 869 1610 Helvetii
891 1566 1093 1609 catholici
1127 1567 1356 1620 collegium
1380 1567 1612 1609 Societatis
1643 1569 1811 1621 petunt.
1866 1567 1969 1610 Car-

196 1631 352 1673 dinalis
384 1635 656 1685 augustanus
678 1632 817 1674 eidem
841 1632 1050 1675 Societati
1072 1631 1415 1675 addictissimum
1438 1645 1485 1673 se
1506 1633 1701 1686 praebet.
1751 1632 1969 1675 Antonius

196 1697 371 1750 Fugger
402 1698 630 1751 Augustae
668 1698 990 1740 Vindelicorum
1025 1697 1159 1740 Sociis
1201 1698 1348 1739 sedem
1390 1697 1655 1740 constituere
1694 1698 1738 1739 in
1780 1698 1969 1740 animum

195 1762 372 1805 inducit.
427 1763 612 1805 Ioannes
634 1763 842 1807 Albertus
870 1763 1259 1813 VVidmanstadius,
1294 1762 1565 1805 consiliarius
1596 1763 1744 1817 regius
1776 1767 1820 1806 et
1852 1778 1969 1805 sum-

195 1841 293 1869 mae
334 1827 402 1870 vir
442 1828 717 1880 eruditionis,
760 1829 868 1871 libro
906 1828 1173 1882 Ingolstadii¹
1204 1828 1319 1870 edito
1352 1828 1571 1882 Ignatium
1612 1829 1789 1882 eiusque
1823 1829 1969 1871 Socios

196 1892 391 1936 defendit
430 1894 680 1947 laudatque.
744 1895 938 1936 Delfinus
981 1897 1024 1937 et
1066 1894 1433 1945 Commendonus,
1476 1893 1616 1936 nuntii
1657 1893 1885 1948 apostolici
1924 1893 1969 1936 in

197 1958 473 2001 Germaniam
506 1959 639 2010 missi,
674 1962 770 2002 arte
802 1960 1041 2013 iunguntur
1073 1974 1169 2001 cum
1194 1959 1329 2002 Sociis
1352 1959 1584 2012 germanis,
1628 1958 1744 2008 Quos
1764 1959 1809 2001 in
1829 1959 1970 2014 ipsam

197 2023 329 2066 etiam
362 2024 650 2067 Maximiliani
683 2026 737 2068 Π.
773 2026 918 2067 aulam
951 2026 1234 2080 penetrantes
1266 2024 1479 2067 videmus.

315 2089 516 2132 Ceterum
564 2090 844 2143 ,‚Homines“,
888 2089 1029 2144 inquit
1073 2089 1269 2132 Canisius
1312 2089 1356 2131 in
1399 2089 1558 2132 litteris
1602 2090 1670 2131 28.
1714 2088 1811 2131 Iulii
1854 2090 1965 2131 1557

197 2154 324 2204 datis,
365 2157 433 2205 „et
465 2169 544 2197 nos
577 2170 737 2206 sumus,
772 2170 858 2198 non
890 2155 1048 2209 angeli,
1083 2169 1265 2210 peccare
1286 2169 1515 2209 possumus
1536 2154 1721 2197 miseri.“
1777 2154 1970 2208 „Habuit

196 2219 392 2262 Christus
423 2220 467 2262 in
499 2235 576 2262 5110
608 2221 682 2263 1110
715 2221 1075 2275 sanctissimoque
1103 2220 1286 2274 collegio
1310 2220 1381 2274 qui
1403 2222 1650 2274 peccarent,
1684 2219 1836 2262 habuit
1858 2234 1969 2273 quae

196 2284 512 2339 displicerent.“
567 2286 693 2328 Certe
715 2286 912 2328 Canisius
933 2286 1026 2341 ipse
1049 2287 1101 2328 de
1125 2285 1260 2328 Sociis
1283 2285 1449 2339 aliquot
1470 2285 1687 2328 interdum
1719 2285 1966 2339 queritur,

194 2350 324 2403 idque
356 2350 448 2393 fere
478 2350 524 2393 111
554 2351 728 2402 litteris,
763 2352 916 2405 quibus
948 2365 1027 2406 pro
1059 2365 1259 2402 munere,
1293 2351 1407 2404 quod
1438 2350 1565 2404 gerit,
1598 2350 1838 2405 praepositi
1868 2365 1969 2405 pro-

194 2415 392 2458 vincialis
417 2416 674 2459 Germaniae
707 2416 941 2472 superioris
975 2417 1026 2458 de
1059 2416 1292 2459 Societatis
1324 2416 1511 2469 negotiis
1543 2416 1599 2457 ad
1630 2430 1845 2457 summum
1877 2415 1968 2457 eius

194 2481 438 2536 praesidem
465 2481 624 2533 refert;
658 2482 981 2536 praefectorum
1014 2496 1120 2524 sane
1143 2485 1224 2532 est,
1257 2481 1467 2536 imprimis
1489 2480 1718 2533 invigilare
1739 2480 1784 2522 in
1805 2482 1966 2531 errata,

197 2559 248 2588 ea
278 2560 491 2598 resecare,
525 2547 903 2602 superioribusque
927 2547 1060 2590 etiam
1082 2546 1357 2601 praepositis,
1390 2560 1444 2588 ne
1466 2546 1628 2588 malum
1649 2545 1781 2588 latius
1803 2548 1966 2600 serpat,

195 2611 413 2653 interdum
445 2626 498 2654 ea
529 2613 741 2655 revelare.
805 2613 868 2656 Ut
900 2626 935 2655 e.
969 2626 1011 2665 g.
1046 2626 1102 2654 ex
1134 2614 1191 2653 44
1223 2612 1308 2654 11115
1342 2611 1490 2663 Sociis,
1530 2625 1637 2665 quos
1669 2611 1747 2652 sub
1780 2611 1966 2653 medium

196 2690 234 2718 a.
274 2678 383 2719 1559
417 2677 460 2719 111
494 2678 675 2731 collegio
707 2677 1021 2720 vindobonensi
1052 2677 1187 2719 fuisse
1219 2691 1276 2719 ex
1316 2677 1508 2719 eiusdem
1550 2676 1752 2728 catalogo
1785 2675 1966 2718 Romam

195 2741 326 2783 misso
360 2745 555 2793 constat,
594 2743 686 2785 fere
720 2744 742 2785 7
778 2743 946 2796 aliqua,
989 2756 1100 2796 quae
1133 2741 1356 2784 emendari
1387 2741 1630 2795 corrigique
1663 2755 1770 2795 opus
1803 2741 1881 2792 sit,
1923 2740 1967 2782 in

195 2820 243 2848 se
276 2807 437 2849 habere
479 2810 628 2850 censet
669 2810 847 2850 sanctus
886 2807 959 2850 1116
1001 2807 1089 2856 vir;
1134 2807 1206 2861 qui
1248 2810 1417 2849 ceteros
1458 2806 1611 2848 laudat
1651 2806 1720 2848 vel
1764 2820 1814 2848 eo
1854 2805 1967 2858 tegit

195 2870 381 2922 silentio,
415 2885 471 2914 ex
504 2887 586 2926 quo
619 2887 694 2915 605
722 2873 862 2915 officia
893 2872 1167 2927 praestitisse
1190 2872 1345 2914 merito
1369 2870 1642 2913 concluseris.
1695 2871 1790 2913 Nec
1811 2869 1964 2912 mirum

194 2935 374 2978 iuvenes
406 2936 592 2990 aliquos,
628 2952 682 2980 ex
715 2940 846 2991 gente
876 2937 952 2979 illa
985 2937 1157 2990 quidem
1189 2939 1337 2980 aetate
1370 2937 1477 2978 adeo
1511 2939 1716 2990 corrupta
1749 2938 1890 2986 ortos,
1922 2934 1966 2976 in

195 3001 353 3043 scholis
386 3002 533 3055 pravis
566 3003 794 3054 educatos,
837 3002 963 3045 malis
996 3002 1206 3056 exemplis
1239 3001 1551 3052 circumdatos,
1585 3014 1750 3052 mores,
1784 3013 1891 3053 quos
1921 2999 1966 3041 in

197 3065 461 3109 Societatem
483 3066 736 3118 intulerant,
769 3082 855 3110 non
881 3067 1032 3110 statim
1053 3067 1226 3121 penitus
1249 3066 1421 3109 exuisse
1454 3069 1498 3109 et
1529 3066 1573 3108 in
1606 3066 1731 3108 domo
1763 3063 1967 3118 religiosa

196 3131 422 3184 quaedam,
456 3145 567 3185 quae
599 3132 736 3174 vitam
759 3146 1027 3175 communem
1050 3133 1280 3174 turbarent
1301 3131 1634 3184 religiosamque
1656 3129 1963 3185 perfectionem
