2142 3455
545 204 711 248 Augusta
737 202 1003 238 Vindelicorum
1031 202 1086 237 30.
1114 200 1333 247 Septembris
1362 201 1462 235 1559.
1807 202 1891 243 523

242 320 311 363 Ad
345 322 390 364 P.
425 321 665 364 Victoriam
705 320 877 364 litteras
909 320 1246 375 Archiepiscopo
1281 318 1519 361 Gnesnensi
1561 318 1747 373 scriptas
1780 317 1891 368 misi,

124 389 169 429 et
201 386 324 440 cupio
357 387 490 437 illum,
524 387 560 429 si
592 388 775 429 vocatus
807 386 955 436 abibit,
990 386 1106 428 intra
1138 398 1300 440 paucos
1323 384 1464 426 redire
1487 398 1669 434 menses,
1704 386 1752 426 ut
1775 385 1893 425 certe

126 451 384 493 Viennensis
417 452 595 505 Collegii
638 454 682 494 et
716 452 957 493 Caesareae
999 450 1244 493 Maiestatis
1286 449 1399 492 ratio
1441 449 1648 503 postulat.
1712 449 1891 498 Vereor,

124 530 178 558 ne
199 516 584 571 Archiepiscopum
608 517 828 559 deterreat
849 516 965 558 lecta
987 515 1277 569 Collegiorum
1298 515 1617 556 fundandorum
1650 514 1836 556 formula
1855 514 1891 555 1:

125 581 201 624 sed
233 582 367 624 faciet
399 584 545 624 tamen
578 582 625 624 P.
660 581 877 632 Victoria,
913 582 1026 634 quod
1057 581 1199 635 iussus
1232 582 1299 622 est
1330 580 1488 622 facere.
1552 579 1761 622 Dominus
1792 593 1893 633 pro-

125 650 273 701 speret
303 647 415 689 hanc
448 647 561 688 illius
595 646 907 701 profectionem
941 647 985 688 in
1017 647 1176 688 bonum
1199 645 1415 700 publicum
1438 645 1655 687 Poloniae.
1711 645 1775 686 De
1797 644 1894 686 aliis

125 711 171 754 P.
206 712 445 754 Victoriam
479 726 556 766 per
587 712 760 754 litteras
791 712 950 754 monui.

245 777 406 831 Scripsi
439 777 575 819 videri
598 776 701 818 mihi
724 790 893 830 quoque
916 790 1002 818 non
1023 775 1165 817 minus
1187 778 1501 829 sumptuosum,
1535 776 1612 817 sed
1635 775 1766 818 etiam
1790 772 1891 829 [sic]

124 841 285 884 laboris
318 856 368 884 ac
400 842 533 885 taedii
566 842 740 896 plenum
772 856 878 896 opus
918 841 1024 883 illud
1064 840 1439 895 typographicum.
1504 841 1716 882 Emerunt
1747 842 1895 882 autem

124 907 263 949 nostri
294 907 421 949 modo
454 910 583 961 typos
616 907 811 949 Viennae
853 909 898 948 et
939 906 994 948 ad
1032 906 1244 948 edendum
1277 920 1323 947 se
1355 906 1576 948 instruunt
1591 907 1620 948 2.
1684 905 1895 947 Dominus

126 975 308 1015 conatus
341 973 475 1014 bonos
508 972 721 1026 provehat
751 971 795 1013 in
827 971 1011 1025 gloriam
1035 985 1170 1014 suam.
1225 970 1443 1021 Quantum
1466 971 1607 1021 audio,
1641 985 1727 1012 non
1749 969 1896 1012 veniet

126 1040 385 1091 expectatus
407 1037 479 1078 ille
504 1040 744 1079 Germanus
767 1037 822 1079 ad
845 1036 1206 1091 calcographiam.
1252 1036 1322 1078 Sic
1345 1035 1544 1078 narravit
1565 1036 1612 1079 P.
1636 1035 1851 1078 Martinus
1864 1036 1893 1085 3,

126 1102 198 1155 qui
240 1116 336 1144 cum
377 1102 507 1144 Petro
539 1102 774 1144 Juliacensi
817 1105 1021 1155 aegroto,
1065 1105 1109 1145 et
1149 1102 1312 1144 Ioanne
1353 1102 1541 1143 Flandro
1584 1104 1754 1144 sartore
1795 1101 1892 1151 huc,

126 1168 232 1209 duce
256 1167 438 1217 Christo,
473 1168 684 1221 pervenit.
738 1168 803 1209 De
830 1181 913 1220 quo
936 1167 1097 1209 Ioanne
1130 1167 1210 1209 hoc
1242 1166 1366 1208 nobis
1398 1166 1482 1209 fuit
1513 1167 1746 1220 ingratum,
1782 1166 1896 1219 quod

125 1232 290 1274 nullum
325 1232 532 1274 edidisset
564 1235 715 1274 votum
748 1232 1002 1282 Societatis;
1045 1232 1199 1274 deinde
1238 1232 1352 1286 quod
1383 1233 1513 1286 plane
1546 1232 1895 1274 dissuadentibus

125 1297 248 1339 nobis
281 1297 400 1339 abire
433 1297 619 1339 voluerit
651 1297 694 1339 in
725 1297 927 1352 patriam,
961 1300 1205 1348 curaturus,
1239 1300 1288 1340 ut
1311 1297 1386 1348 ait,
1419 1311 1510 1339 rem
1537 1297 1810 1347 familiarem,
1845 1310 1896 1338 ac

125 1365 280 1418 postea
312 1362 544 1405 rediturus.
609 1363 693 1404 Sed
724 1363 840 1404 illius
873 1362 1085 1405 desiderio
1117 1377 1204 1405 non
1235 1365 1447 1405 tenemur.
1512 1363 1653 1405 Audio
1687 1366 1731 1405 et
1763 1362 1895 1404 alium

125 1427 259 1470 fuisse
300 1431 533 1470 venturum
565 1427 803 1479 Marinum,
847 1427 919 1481 qui
962 1442 1058 1470 cum
1100 1442 1126 1470 a
1162 1428 1209 1471 P.
1243 1428 1514 1471 Benedict04
1555 1427 1894 1478 examinaretur,

124 1493 306 1535 idoneus
337 1493 400 1534 illi
432 1492 550 1534 visus
592 1507 677 1534 non
718 1495 786 1535 est
818 1493 872 1534 ad
904 1492 1241 1548 profectionem,
1285 1493 1412 1535 credo
1455 1494 1508 1535 ob
1550 1493 1708 1536 mentis
1747 1492 1896 1534 incon-

126 1558 347 1601 stantiam.
412 1558 623 1600 Putamus
655 1560 802 1600 autem
833 1572 919 1600 non
951 1573 1104 1613 parum
1135 1559 1323 1610 referre,
1357 1561 1406 1601 ut
1437 1558 1510 1612 qui
1541 1558 1792 1608 mittuntur,
1826 1561 1896 1600 ut-

126 1638 307 1678 cumque
340 1624 435 1666 sani
468 1626 512 1665 et
543 1623 586 1664 in
618 1623 847 1666 vocatione
879 1623 992 1666 firmi
1023 1624 1202 1667 veniant
1233 1624 1278 1666 in
1309 1625 1420 1666 hanc
1453 1623 1750 1674 Provinciam,
1785 1636 1897 1677 quae

126 1692 379 1732 constantes
413 1691 458 1731 et
488 1689 696 1743 probatos
728 1688 809 1731 Dei
840 1703 991 1731 servos
1023 1689 1217 1743 requirit.

243 1755 308 1797 Ac
350 1755 403 1797 de
434 1754 565 1797 Petro
608 1754 780 1807 quidem
811 1754 1064 1805 Iuliacensi,
1109 1755 1180 1809 qui
1221 1754 1344 1797 nobis
1385 1755 1647 1798 sacerdotali
1687 1757 1808 1797 statu
1842 1754 1896 1796 ob

124 1820 286 1874 ingenii
317 1820 572 1863 tarditatem
606 1822 651 1861 et
682 1819 945 1873 imperitiam
976 1819 1178 1874 indignus
1209 1820 1405 1871 videtur,
1445 1820 1602 1874 quique
1635 1821 1688 1862 ob
1720 1819 1896 1873 linguae

124 1886 280 1929 vitium
302 1886 517 1928 talentum
544 1884 828 1926 concionandi
851 1885 995 1927 adfert
1017 1885 1235 1939 exiguum,
1271 1885 1351 1927 hoc
1383 1885 1521 1928 solum
1553 1888 1811 1936 statuemus,
1847 1886 1896 1927 ut

126 1954 203 1994 aut
224 1950 501 1993 Monachium
533 1949 694 2000 veniat,
729 1949 765 1991 si
797 1950 1002 1992 valetudo
1035 1950 1275 2004 permittet,
1309 1954 1386 1994 aut
1414 1950 1673 2004 Iugolstadii
1702 1952 1894 1992 maneat.

125 2017 301 2060 Interea
332 2019 481 2058 tamen
513 2015 699 2057 libenter
731 2029 974 2068 sequemur,
1007 2015 1045 2057 si
1077 2015 1178 2069 quid
1211 2016 1328 2058 aliud
1359 2016 1499 2058 visum
1533 2016 1591 2059 sit
1622 2016 1672 2059 R.
1707 2016 1760 2058 V.

243 2082 309 2124 De
341 2082 387 2124 P.
422 2080 610 2122 Martino
643 2079 797 2134 scripsi
829 2079 959 2130 alias;
1001 2080 1201 2134 idemque
1232 2082 1390 2136 probat
1423 2095 1537 2123 nunc
1568 2081 1683 2136 ipse,
1725 2080 1896 2135 profec-

123 2147 288 2190 tionem
320 2160 444 2188 suam
475 2145 636 2187 rectius
667 2144 711 2186 in
743 2147 958 2187 aestatem
989 2145 1229 2200 prorogari.
1293 2146 1468 2188 Interea
1499 2160 1546 2188 se
1579 2149 1808 2201 componet
1840 2145 1896 2187 ad

124 2226 280 2254 munus
312 2209 607 2260 concionandi,
641 2213 685 2252 et
717 2209 788 2251 ubi
820 2210 1054 2253 accesserit
1085 2210 1224 2253 frater
1255 2225 1399 2262 meus,
1443 2225 1570 2265 quem
1602 2211 1730 2253 valde
1761 2211 1896 2253 miror

125 2278 278 2321 tandiu
310 2277 484 2326 abesse,
526 2274 801 2317 Monachium
833 2275 934 2327 ibit,
977 2275 1049 2318 ubi
1079 2276 1268 2319 fortasse
1301 2279 1346 2319 et
1377 2291 1457 2330 ego
1489 2276 1710 2331 principiis
1742 2277 1896 2319 adesse

125 2357 270 2397 cogar.
305 2341 443 2384 nostri
475 2340 588 2382 enim
621 2342 922 2394 expectantur.

244 2409 309 2450 De
341 2406 502 2449 viatico
536 2405 681 2447 fateor
722 2405 910 2458 aliquem
941 2406 1123 2448 haerere
1163 2406 1268 2448 mihi
1307 2406 1578 2461 scrupulum,
1621 2406 1658 2449 si
1689 2405 1895 2461 Princeps

127 2473 356 2516 exsolvere
379 2472 547 2521 debeat,
571 2469 777 2524 quidquid
799 2471 1028 2515 absument
1048 2471 1092 2513 in
1111 2472 1388 2514 Germaniam
1409 2472 1535 2514 modo
1557 2471 1894 2527 proficiscenteS,

127 2539 281 2581 deinde
329 2551 384 2579 ex
431 2536 621 2589 Collegio
669 2535 905 2578 Viennensi
956 2536 1195 2580 venientes.
1271 2537 1505 2591 Exigerem
1553 2551 1633 2591 ego
1681 2551 1896 2579 summam

127 2617 297 2646 omnem
330 2601 548 2651 audacius,
582 2601 618 2642 si
640 2614 724 2642 non
746 2601 874 2656 pauci
895 2604 1042 2644 essent
1063 2602 1236 2645 venturi
1258 2602 1546 2653 Monachium,
1579 2605 1624 2645 et
1646 2603 1718 2645 alii
1741 2602 1895 2644 deinde

126 2673 226 2724 post
265 2681 427 2722 paucos
467 2679 638 2708 menses
678 2666 919 2708 instruendi
963 2667 1107 2710 forent
1147 2681 1260 2709 nouo
1303 2667 1478 2711 viatico.
1541 2667 1707 2710 Deinde
1750 2667 1896 2722 rogati

127 2735 239 2777 unde
279 2732 418 2775 nostri
460 2732 639 2775 veniant
675 2732 839 2775 veritas
878 2735 1006 2786 coget
1046 2732 1198 2784 fateri,
1242 2747 1371 2786 quam
1412 2733 1538 2788 pauci
1570 2747 1626 2775 ex
1656 2733 1776 2776 Urbe
1807 2733 1896 2776 sint

126 2799 324 2855 profecti.
377 2797 534 2840 Mirum
564 2800 656 2839 tam
687 2797 871 2840 multum
902 2798 1070 2840 absumi
1102 2812 1128 2859 a
1159 2798 1321 2853 paucis,
1357 2801 1566 2852 quantum
1597 2801 1689 2842 tres
1720 2799 1894 2841 absum-

250 2929 260 2948 1
287 2927 378 2962 Vide
404 2938 514 2972 supra
543 2939 576 2972 p.
603 2927 683 2962 511.

247 2981 261 3002 ²
286 2983 467 3015 Antonius
491 2982 620 3025 Mayer
645 2981 688 3015 de
713 2980 781 3015 hac
806 2979 1048 3026 typographia
1073 2980 1218 3016 scribit:
1258 2980 1359 3023 „Ihre
1393 2979 1632 3015 lateinischen
1657 2980 1783 3026 Typen
1814 2981 1896 3015 sind

127 3038 212 3080 gut,
248 3034 334 3069 weit
358 3033 460 3068 mehr
484 3034 575 3069 noch
601 3034 682 3069 sind
707 3034 793 3068 aber
827 3033 884 3068 die
919 3033 1169 3077 griechischen
1203 3045 1247 3068 zu
1284 3033 1408 3068 loben“
1453 3033 1597 3078 (WViens
1622 3034 1895 3069 Buchdrucker-

129 3088 346 3123 Gesohichte
372 3088 398 3129 I,
426 3087 500 3132 94).
647 3087 661 3108 ³
686 3086 956 3122 Stevordianus.

248 3143 261 3162 ⁴
288 3140 493 3185 Signifieari
512 3140 656 3176 videtur
672 3141 890 3176 Benedictus
909 3140 1080 3183 Palmius,
1107 3141 1168 3186 qui
1189 3141 1242 3176 15.
1262 3141 1421 3184 Augusti
1441 3141 1531 3175 1559
1549 3141 1757 3186 provinciae
1773 3141 1895 3185 longo-

126 3195 294 3230 bardicae
319 3194 456 3240 primus
481 3194 709 3240 praepositus
734 3195 962 3230 renuntiatus
985 3196 1064 3229 erat
1090 3194 1316 3239 (Sacchinus,
1341 3194 1436 3229 Hist.
1464 3193 1498 3229 S.
1526 3194 1558 3229 J.
1585 3194 1631 3237 Π,
1656 3193 1679 3229 l.
1707 3195 1738 3237 3,
1764 3207 1798 3230 n.
1818 3194 1893 3239 28).
