2142 3455
224 214 308 255 300
487 208 566 244 311.
603 207 754 242 Iacobus
779 206 925 241 Laiuius
953 206 1106 242 Canisio.
1146 207 1259 242 Roma
1284 219 1330 242 m.
1357 207 1522 252 Augusto
1551 207 1601 252 (2³)
1634 207 1734 243 1558.

226 325 566 369 „communicatione
584 324 889 369 privilegioruin“,
919 335 1010 368 quae
1029 335 1108 358 cum
1129 323 1259 358 ceteris
1276 323 1454 368 religiosis
1471 325 1516 358 iis
1534 326 1611 358 erat
1628 343 1673 347 —-
1692 323 1723 358 si
1740 323 1859 358 minus
1877 322 1987 357 facul-

222 382 332 414 tatem
358 389 532 423 usurpare
559 389 579 412 a
599 376 739 412 Calixto
758 377 820 411 ΙΙΙ.
847 377 1022 411 fratribus
1048 376 1150 411 laicis
1177 377 1310 411 ordinis
1328 377 1546 411 franciscani
1570 388 1789 419 concessam,
1815 376 1987 420 tangendi

221 433 353 467 calices
380 434 416 466 et
441 431 587 466 lavandi
614 430 813 475 corporalia
845 432 881 464 et
907 430 977 464 alia
1005 429 1262 472 ecclesiastiea,
1293 441 1393 472 „cum
1420 429 1638 475 expedierit“
1670 430 1765 473 (Em.
1792 431 1989 464 leodericus

221 488 262 520 Ο.
289 486 376 521 Μίῐι.
403 485 500 526 Obs„
527 484 763 526 Quaestiones
789 484 976 527 regulares
1002 485 1038 517 et
1063 483 1255 518 canonicae
1281 483 1315 517 II
1343 482 1410 527 [ed.
1429 483 1462 524 2,
1488 482 1652 518 venetiis
1677 482 1793 528 1611],
1821 483 1905 527 349)
1933 503 1987 525 —-‚

220 539 349 573 saltem
374 538 565 583 privilegio
590 538 654 580 uti,
681 549 750 582 quo
769 537 894 572 Sixtus
912 537 974 571 IV.
1001 536 1175 571 fratribus
1200 536 1303 571 laicis
1329 536 1464 570 ordinis
1483 535 1722 570 Eremitarum
1741 536 1774 571 S.
1793 536 1988 580 Augustini

220 592 511 636 congregationis
529 591 774 633 Lombardiae,
801 590 971 635 quamdiu
997 590 1185 624 sacristiae
1212 601 1335 624 curam
1353 591 1531 633 gererent,
1559 588 1700 630 calices,
1726 592 1887 635 patenas,
1914 601 1988 624 cor-

221 645 366 690 poralia,
392 644 636 690 purificatoria
654 646 802 689 tangere
820 644 1034 690 permiserat
1054 643 1120 687 (Ῑο.
1142 644 1246 687 Bapt.
1268 644 1475 687 Confette'us,
1502 641 1780 685 Privilegiorum
1798 642 1987 678 Sacrorum

220 699 393 733 Ordinum
412 699 579 733 Fratrum
597 698 881 733 Mendicantium
908 699 944 732 et
969 709 1039 731 non
1056 696 1338 732 Mendicantium
1358 695 1529 730 collectio
1553 695 1621 739 [ed.
1640 696 1672 736 4,
1698 695 1862 731 Venetiis
1882 696 1986 738 1610]

219 765 253 798 p.
280 753 355 796 69).
405 753 455 787 At
480 752 635 787 fortasse
662 752 755 787 Socii
781 763 823 787 ea
849 751 1040 797 privilegia
1071 751 1184 796 (typis
1211 750 1368 785 nondum
1394 749 1567 792 evulgata
1579 749 1614 793 5³)
1643 761 1711 783 non
1738 752 1924 784 noverant.

1047 892 1158 934 311.

767 991 1090 1035 IAGOBIJS
1123 989 1443 1043 LAINIUS,

719 1084 949 1130 praepositus
974 1082 1154 1127 generalis
1181 1082 1373 1117 Societatis
1398 1081 1490 1122 Iesu,

966 1178 1095 1226 CAN
1099 1177 1240 1225 ISIO.

813 1291 924 1328 Roma
950 1301 997 1327 nl.
1023 1290 1191 1338 Augusto
1219 1290 1264 1336 (12)
1290 1289 1384 1326 1558.

338 1388 395 1422 Ex
413 1387 569 1433 epistula
587 1386 767 1421 Blissemii
786 1386 1022 1431 autographa,
1050 1398 1141 1430 quae
1163 1388 1218 1421 est
1236 1386 1272 1420 in
1290 1385 1365 1420 eod.
1388 1385 1497 1430 „Epp.
1518 1384 1638 1420 Germ.
1660 1383 1768 1419 157·2“
1797 1381 1878 1427 („G.
1897 1381 1986 1428 Epp.

220 1441 300 1477 coll.
328 1441 400 1485 11“)
430 1440 455 1475 f.
485 1440 681 1482 109-110,
708 1442 745 1475 et
770 1452 816 1474 ex
842 1440 990 1484 antiquo
1016 1439 1132 1474 iudice
1159 1440 1237 1474 sive
1262 1439 1418 1483 registro
1445 1439 1560 1473 eidem
1585 1437 1699 1472 codici
1724 1437 1940 1483 praeposito.

337 1531 510 1565 Faealtas
536 1531 657 1564 Socios
683 1534 810 1574 „caetra
836 1529 1014 1572 ΐεηηροναιι
1044 1530 1092 1562 ad
1116 1539 1238 1562 sacros
1264 1529 1408 1562 ordines
1426 1527 1671 1571 prome-endi.

338 1630 388 1673 P.
412 1630 626 1672 Hem-tous
647 1629 897 1671 Blisseznius
920 1630 963 1672 S.
987 1628 1045 1683 J„
1080 1630 1237 1684 colleyz‘l
1259 1629 1483 1684 praqensis
1506 1631 1650 1681 rector,
1674 1627 1822 1681 Praqa
1848 1627 1887 1668 1.
1914 1624 1987 1667 Oc-

218 1695 348 1737 tobris
365 1695 482 1737 1572
499 1695 678 1736 Romam
701 1695 759 1736 acl
776 1694 825 1736 P.
845 1694 1153 1749 Hieronymum
1175 1693 1372 1735 Natalem
1394 1691 1562 1734 scribit:
1589 1691 1740 1744 „Jnter
1756 1691 1988 1747 prizttleyta

219 1765 366 1802 nostra
397 1761 545 1802 inueni
576 1774 703 1802 mzam
736 1758 876 1812 (cuias
911 1761 1137 1815 exemplum
1170 1760 1283 1800 mitto
1300 1757 1336 1812 1)
1368 1759 1477 1800 vnde
1503 1758 1708 1812 colliyz'tur
1730 1770 1805 1798 9208
1836 1755 1988 1798 habere

216 1825 475 1880 facultatem,
508 1830 547 1867 «ct
578 1826 714 1867 nostri
739 1826 904 1881 possint
938 1829 1058 1866 extra
1087 1830 1273 1879 tempora
1306 1838 1332 1865 a
1364 1825 1457 1866 iure
1490 1822 1723 1878 deputatffl
1755 1822 1814 1863 acl
1846 1834 1988 1863 sacros

220 1891 392 1934 ordines
416 1893 677 1946 promoueri,
712 1889 810 1934 eto.“
863 1891 917 1932 Ia
949 1891 1089 1932 indice
1123 1896 1259 1932 autem
1291 1903 1426 1945 supra
1456 1893 1682 1930 memorato
1715 1888 1765 1929 de
1797 1887 1870 1929 hoc
1899 1887 1988 1941 pri-

218 1957 363 2011 rileqlo
405 1961 592 1998 notatam
635 1961 716 1998 est:
761 1956 934 2011 „Praya
967 1957 1084 1998 1558
1118 1955 1248 2010 Copia
1290 1955 1336 1997 dt·
1369 1955 1535 2010 patenti
1577 1954 1643 1996 del
1674 1953 1723 1996 P.
1757 1952 1921 1994 Lalnez
1963 1951 1989 1992 ὰ

222 2021 407 2064 Cantsio.
442 2020 569 2064 110.“
633 2022 704 2063 Ex
744 2021 895 2077 quibas
935 2020 1072 2063 verbis
1113 2022 1249 2076 colltqt
1284 2025 1437 2076 potest,
1479 2020 1686 2061 Lamiam
1727 2031 1840 2060 amco
1874 2018 1990 2060 1558

220 2085 379 2139 (mense
418 2086 659 2142 Auyastoffl
705 2087 876 2129 Canislo
914 2091 1086 2142 praeter
1128 2087 1211 2128 clao
1254 2087 1486 2142 diplomata
1524 2099 1657 2140 supra
1691 2099 1734 2140 22·
1767 2085 1868 2125 298.
1901 2084 1989 2124 299

213 2153 356 2207 posita
388 2154 554 2194 tertium
588 2151 806 2207 tribuisse)
848 2151 997 2207 quibas
1036 2151 1283 2205 facultatem
1323 2151 1443 2192 modo
1483 2154 1758 2192 memoratam
1798 2148 1880 2191 sibi
1911 2149 1990 2190 trt-

221 2218 361 2259 batam
396 2232 481 2259 esse
512 2218 744 2260 testabatur
777 2232 947 2272 eamque
979 2232 1071 2259 cam
1106 2217 1278 2259 Canislo
1311 2215 1652 2258 communicabat.

339 2325 392 2360 De
427 2326 551 2360 eadem
586 2326 763 2361 facultate
799 2327 975 2361 Pozaneus
1009 2325 1125 2360 Lainii
1158 2326 1300 2360 nomine
1335 2325 1449 2360 Roma
1485 2325 1540 2360 11.
1566 2323 1781 2359 Novembris
1819 2322 1909 2358 1558
1944 2321 1990 2356 ad

220 2379 260 2413 P.
278 2379 477 2414 Victoriam
503 2380 668 2425 scripsit:
699 2379 943 2424 „Facultatem
970 2379 1201 2425 promouendi
1227 2381 1370 2413 nostros
1393 2380 1495 2413 extra
1513 2380 1675 2423 tempora
1691 2377 1866 2411 habemus
1883 2375 1989 2410 viuae

220 2433 399 2467 duntaxat
423 2433 523 2467 vocis
559 2433 723 2476 oraculo,
759 2433 871 2478 quod,
907 2433 938 2468 si
973 2434 1054 2478 quis
1080 2432 1272 2468 Praelatus
1297 2432 1378 2467 nob.
1405 2432 1543 2466 amicus
1568 2431 1627 2473 sit,
1654 2432 1690 2465 et
1714 2430 1821 2465 fidem
1846 2429 1989 2471 habeat,

219 2486 388 2521 sufficere
421 2487 563 2532 posset“
597 2486 670 2531 (Ex
705 2487 943 2532 *apographo
978 2486 1086 2521 huius
1121 2485 1307 2521 summarii
1333 2487 1487 2520 exeunte
1513 2496 1607 2520 saec.
1633 2483 1730 2519 XVI.
1757 2483 1817 2518 vel
1842 2483 1990 2517 ineunte

220 2539 334 2574 XVII.
360 2540 506 2586 scripto.
557 2538 641 2575 Cod.
677 2551 814 2576 monac.
846 2540 994 2585 „Resp.“
1033 2539 1057 2574 f.
1085 2539 1174 2583 63³).
1225 2538 1385 2573 Eandem
1420 2538 1631 2573 facultatem
1667 2539 1793 2583 postea
1818 2535 1989 2571 Societati

220 2592 411 2628 universae
437 2593 546 2628 etiam
571 2605 636 2639 per
660 2593 803 2629 litteras
828 2593 1048 2640 apostolicas
1074 2604 1282 2628 concessam
1308 2603 1388 2627 esse
1412 2591 1503 2627 satis
1529 2593 1654 2626 notum
1680 2593 1746 2626 est.

220 2750 337 2795 logiae
354 2750 521 2785 moralis“
542 2750 576 2785 V
597 2750 666 2795 (ed.
686 2751 718 2792 3,
736 2750 875 2785 Matriti
896 2750 1017 2794 1727),
1036 2752 1142 2784 tract.
1160 2750 1216 2784 21.
1255 2749 1308 2784 De
1326 2759 1445 2794 praec.
1463 2747 1585 2783 Decal.
1604 2759 1634 2782 c.
1656 2747 1708 2790 10,
1735 2758 1769 2781 n.
1790 2745 1988 2781 125—131.

220 2804 273 2838 De
298 2806 442 2839 nostrae
468 2804 601 2838 aetatis
628 2803 818 2849 disciplina
843 2804 926 2838 vide
947 2806 984 2838 S.
1004 2805 1227 2848 Alpleonsnm
1253 2802 1276 2838 l.
1303 2814 1333 2837 c.
1361 2803 1397 2836 et
1423 2803 1516 2845 Any.
1534 2801 1734 2836 Lehmlculcl
1752 2799 1786 2835 S.
1805 2800 1849 2842 J„
1876 2799 1988 2834 Theo-

221 2857 318 2901 logia
342 2857 489 2892 moralis
514 2857 558 2899 II,
583 2857 652 2892 237
683 2857 754 2901 (ed.
780 2857 812 2900 8,
839 2857 1007 2901 Friburgi
1032 2857 1245 2901 Brisgoviae
1273 2855 1375 2898 1896,
1402 2867 1435 2900 p.
1463 2854 1559 2899 177).

341 2910 353 2931 ¹
378 2909 456 2945 Hoc
481 2910 618 2956 perisse
643 2910 798 2945 videtur.

339 2963 354 2984 2
379 2961 536 2998 Sabbata
554 2965 725 3008 quattuor
741 2966 953 3010 temporum,
980 2963 1172 2998 sabbatum
1189 2964 1272 2997 ante
1295 2961 1541 3005 „Dominicum
1559 2959 1778 3002 Passionis'‘‚
1797 2959 1986 2995 sabbatum

221 3018 396 3050 sanctum.
