2142 3455
235 191 319 232 532
816 186 896 221 383.
932 186 1098 221 canisius
1124 186 1250 221 Iacobo
1277 186 1411 222 Lainio.

233 318 383 347 mones
416 306 460 346 et
492 304 605 357 quod
638 304 758 358 cupis
790 304 918 346 facile
949 304 1215 359 impetrabis,
1249 319 1302 347 ne
1335 304 1420 348 cito
1443 305 1624 347 redeant
1645 304 1812 347 isthuc²²
1832 305 1993 349 Boemi.

233 371 283 413 R.
307 371 360 412 V.
388 369 541 411 melius
573 367 806 412 iudicavitb
840 368 917 423 [9],
952 372 996 412 et
1028 373 1075 412 ut
1107 384 1246 425 spero,
1282 370 1465 412 Boemos
1497 369 1541 411 in
1574 369 1710 412 offitio
1744 370 1994 423 continebit,

232 449 286 478 ne
319 438 395 477 aut
426 434 612 488 scriptis,
646 437 723 477 aut
754 434 883 477 factis
916 436 1170 477 confirment
1201 435 1434 490 pessimam
1465 434 1509 476 in
1541 434 1719 477 Boemia
1752 435 1803 478 de
1836 437 1996 480 nostris

232 500 489 555 opinionem.

349 564 656 606 lVenceslaum
688 567 738 606 ut
768 564 954 606 reddant
995 567 1040 607 et
1079 564 1306 608 remittant
1336 565 1519 606 Romam
1558 564 1710 618 scripsi
1742 565 1992 619 Pragensib.

231 630 303 683 qui
336 630 480 672 nescio
514 643 588 671 cur
620 629 895 672 dissimulant
917 643 968 671 ac
990 632 1139 673 tacent
1159 644 1336 685 prorsus
1369 630 1422 671 de
1451 628 1523 671 illo
1547 629 1697 672 statim
1720 630 1992 674 remittendo.

230 695 356 738 Nunc
387 694 512 737 novis
544 708 677 748 urgeo
710 694 848 737 literis
887 698 936 738 ut
976 695 1136 738 ueniat.
1200 695 1531 749 Expectabatur
1565 698 1709 738 autem
1741 695 1936 738 Viennae
1969 711 1995 739 a

230 761 286 804 M.
320 760 552 803 Francisco
570 761 597 810 1,
641 774 765 813 quem
808 760 1012 803 videntur
1051 760 1132 802 hac
1173 760 1314 802 hieme
1345 760 1533 802 retinere
1564 774 1649 802 non
1690 774 1839 814 posse,
1882 762 1993 814 quod

230 839 311 880 ego
353 826 523 879 quidem
566 826 792 880 optabam,
835 828 880 869 et
911 826 961 869 R.
995 826 1048 869 V.
1082 825 1235 869 literae
1275 825 1600 880 permittebant.
1663 825 1728 868 De
1758 826 1832 867 illo
1869 827 1995 881 plura

229 891 275 934 P.
312 891 503 942 Vitoria,
547 890 619 944 qui
658 890 842 933 hominis
874 890 1116 934 infirmitati
1149 891 1321 933 uidetur
1352 891 1432 933 hoc
1463 890 1710 944 indulgere,
1752 894 1800 934 ut
1831 891 1994 934 invitus

228 971 314 999 non
346 959 534 1000 maneat.

347 1022 597 1073 Florianus,
640 1022 692 1064 de
734 1035 817 1075 quo
851 1024 954 1064 ante
985 1021 1138 1076 scripsi
1151 1023 1179 1073 2,
1222 1022 1392 1075 Pragae
1432 1023 1636 1064 uersatur
1674 1021 1719 1063 in
1760 1021 1992 1073 exercitiis,

228 1088 354 1130 homo
387 1087 516 1129 valde
547 1086 613 1129 sui
645 1086 814 1141 capitis,
848 1089 892 1129 et
914 1100 1045 1140 aegre
1066 1087 1321 1138 tractabilis,
1357 1086 1429 1140 qui
1451 1085 1583 1129 etiam
1605 1086 1692 1129 fert
1713 1086 1994 1142 impacienter

228 1166 274 1195 se
306 1166 391 1195 non
424 1152 595 1195 admitti
627 1152 681 1194 ad
714 1151 1016 1194 sacerdotium.
1071 1151 1233 1206 Scripsi
1265 1166 1318 1194 ne
1351 1152 1502 1194 redeat
1530 1152 1585 1194 ad
1609 1151 1859 1204 Obinenses‚
1893 1152 1993 1206 quia

228 1218 521 1272 Hispanorum
554 1217 799 1259 convictum
832 1219 876 1259 et
907 1219 1188 1271 praeceptum
1220 1232 1305 1259 non
1338 1217 1437 1267 fert,
1471 1220 1576 1271 puto
1608 1219 1754 1259 autem
1779 1232 1865 1259 non
1898 1231 1993 1260 esse

228 1283 493 1334 consultum,
536 1285 585 1325 ut
624 1281 760 1324 sacris
801 1282 996 1325 initietur
1033 1282 1286 1325 ambitiosus
1318 1296 1618 1337 perseverans.
1681 1282 1894 1325 Anhelatc
1928 1281 1990 1338 [Ρ]

227 1348 282 1390 ad
314 1347 480 1398 studia,
513 1347 557 1389 in
589 1347 743 1401 quibus
775 1361 861 1389 non
892 1360 1099 1400 magnum
1130 1347 1372 1401 profectum
1404 1347 1653 1402 pollicetur,
1696 1347 1859 1401 gaudet
1891 1362 1992 1390 con-

226 1413 398 1464 tionari,
431 1412 541 1455 levis
573 1415 618 1456 et
649 1411 811 1466 ingenii
843 1414 888 1455 et
919 1411 1062 1454 iudicii
1083 1412 1224 1455 homo.
1278 1412 1386 1463 Quid
1409 1413 1460 1455 de
1482 1412 1726 1455 huiusmodi
1746 1412 1992 1456 faciendum

226 1478 284 1522 sit
316 1478 439 1533 cupio
473 1477 595 1521 scire.
649 1478 855 1532 Magnam
889 1492 970 1532 ego
1002 1477 1191 1531 gratiam
1217 1477 1417 1520 ducerem
1448 1478 1561 1521 tales
1592 1478 1637 1520 in
1668 1478 1749 1520 hac
1781 1478 1991 1522 societate

226 1558 311 1586 non
342 1543 535 1599 reperiri,
568 1543 824 1598 praesertim
857 1542 1028 1597 quando
1053 1542 1300 1586 detrectant
1322 1543 1611 1586 obedientiam
1634 1545 1679 1586 et
1710 1547 1869 1587 natura
1891 1546 1993 1586 sunt

226 1609 525 1652 melancholici
557 1623 607 1652 ac
638 1608 730 1651 fere
761 1607 1058 1651 indomabiles.

345 1675 531 1729 Cupiunt
562 1674 808 1728 Pragenses
839 1674 960 1716 illum
992 1673 1107 1715 mitti
1139 1673 1485 1727 Jngolstadium,
1521 1676 1598 1717 aut
1630 1674 1863 1727 Coloniam,
1897 1677 1992 1717 oret

226 1755 304 1795 pro
335 1740 413 1782 illo
442 1740 493 1783 R.
527 1740 580 1784 V.
614 1739 854 1791 dominum,
897 1742 941 1782 et
972 1753 1049 1794 pro
1081 1738 1204 1781 nobis
1236 1738 1390 1789 etiam,
1432 1741 1481 1782 ut
1521 1753 1632 1781 nouo
1674 1739 1817 1782 studio
1855 1753 1992 1782 novas

227 1809 271 1849 et
314 1805 400 1848 iam
445 1807 648 1860 acceptas
692 1804 1024 1848 constitutiones
1069 1805 1400 1847 obseruemus3:
1449 1804 1562 1847 sicut
1605 1806 1650 1847 et
1693 1818 1774 1859 ego
1817 1807 1992 1847 nostros

225 1871 370 1913 monui
403 1871 647 1925 diligenter.

344 1937 426 1979 Est
456 1936 562 1978 illud
593 1935 695 1978 mihi
729 1935 921 1987 dubium,
956 1935 1068 1979 sitne
1099 1935 1288 1991 petenda
1318 1935 1446 1977 isthic
1479 1934 1667 1977 facultas
1698 1949 1776 1990 pro
1809 1935 1991 1989 singulis

225 2002 269 2044 in
300 2003 382 2044 hac
412 1999 656 2056 prouintiad
688 2001 959 2053 ordinandis,
1005 2004 1050 2044 et
1082 2000 1184 2055 quid
1215 2014 1267 2042 ea
1297 1999 1341 2042 in
1373 2002 1499 2055 parte
1531 2000 1663 2043 liceat
1694 1999 1988 2055 prouintiali4.

225 2066 341 2110 Nam
373 2070 417 2110 et
449 2067 634 2110 offitium
665 2066 938 2121 prouintialis
971 2066 1084 2120 quod
1115 2066 1280 2108 Romae
1311 2065 1400 2107 uidi
1433 2065 1741 2119 conscriptum,
1775 2065 1890 2119 apud
1921 2079 1991 2108 me

225 2146 311 2175 non
343 2135 423 2184 est,
455 2132 641 2175 libenter
673 2134 819 2175 autem
852 2131 1060 2186 accipiam
1092 2131 1129 2173 si
1160 2130 1374 2182 mittatur,
1407 2133 1455 2173 ut
1487 2143 1617 2185 saepe
1648 2129 1801 2183 rogaui
1817 2131 1846 2172 5.

344 2197 580 2241 Conueniet
612 2197 762 2252 opinor
795 2197 849 2240 ad
871 2197 1085 2240 Bauariae
1118 2197 1268 2238 ducem
1299 2195 1450 2238 literas
1482 2195 1598 2246 dare,
1634 2209 1744 2249 quae
1775 2194 1941 2238 vtinam
1965 2210 1990 2238 a

225 2277 293 2305 me
326 2263 452 2306 citius
483 2263 648 2318 petitae
688 2262 894 2314 fuissent,
937 2265 987 2305 Vt
1027 2262 1218 2304 habeant
1254 2260 1392 2303 nostri
1422 2260 1755 2311 testimoniume,
1798 2260 1870 2314 qui
1910 2275 1988 2315 pro

225 2328 368 2370 media
399 2329 569 2383 collegij
611 2331 737 2383 parte
777 2327 1022 2371 mittuntur.
1086 2328 1145 2369 Et
1185 2326 1386 2380 quoniam
1425 2325 1470 2368 hi
1510 2339 1641 2379 aegre
1681 2325 1845 2369 facient
1881 2326 1990 2368 satis

227 2393 520 2448 expectationi
553 2393 605 2435 de
635 2393 741 2448 ipsis
774 2396 1030 2448 conceptae,
1065 2405 1144 2434 nec
1175 2391 1338 2434 habent
1369 2404 1474 2433 sane
1505 2391 1689 2433 multum
1721 2390 1988 2441 eruditionis,

226 2459 540 2513 promittendos
588 2458 777 2513 putarim
825 2457 1013 2512 reliquos
1062 2460 1106 2501 et
1153 2457 1208 2499 ad
1254 2456 1447 2499 futuram
1495 2458 1711 2498 aestatem
1753 2455 1989 2499 mittendos

344 2612 371 2633 ‘¹'
386 2613 506 2648 histuc
531 2624 655 2657 apoyr.
683 2614 743 2646 alt.

345 2667 359 2685 ''
389 2668 448 2701 Sic
473 2678 595 2710 apogr.
623 2668 682 2700 alt.
694 2679 708 2709 ,·
732 2667 791 2700 sed
816 2667 997 2709 leyendmn
1023 2677 1093 2700 esse
1118 2666 1277 2699 ridetur:
1302 2664 1474 2699 iudicabit
1500 2665 1572 2698 vel:
1597 2663 1774 2698 iudicarit.

345 2725 356 2740 ⁰
389 2721 450 2755 Sic
475 2722 619 2754 omnino
645 2720 783 2754 ridetur
809 2731 877 2753 esse
903 2720 1094 2763 legendum.
1144 2718 1309 2753 Antehac
1335 2729 1458 2761 apoyr.
1486 2719 1546 2752 alt.

345 2772 358 2792 ‘¹
388 2773 543 2819 prouitia
569 2784 691 2817 apoyr.
715 2775 831 2817 prius.
975 2777 988 2792 θ
1017 2771 1238 2807 testimonim
1264 2782 1387 2816 cepoqr.
1408 2773 1526 2816 prins.

227 2917 301 2951 tino
327 2917 504 2952 sancitum
532 2919 588 2951 est
610 2916 715 2962 (sess.
734 2916 845 2950 XXV.
866 2916 908 2950 de
931 2915 1057 2959 regul„
1084 2926 1112 2950 c.
1135 2914 1207 2958 16).
1243 2913 1453 2959 Complures
1479 2925 1524 2948 ex
1549 2913 1740 2948 iuvenibus
1765 2911 1838 2947 illis
1862 2914 1988 2957 postea

228 2971 418 3005 Boliemiae
452 2981 597 3016 operam
631 2969 756 3004 utilem
792 2970 1039 3003 navaverunt:
1083 2967 1283 3009 Sturmius,
1321 2966 1514 3001 Balthasar
1547 2966 1790 3008 Hostovinus,
1824 2965 1987 2999 Andreas

230 3024 422 3065 Piessinus,
448 3023 693 3067 Wolfgangus
718 3022 832 3057 Maria
857 3022 1034 3063 Tinensis,
1061 3021 1211 3056 Ioannes
1237 3020 1364 3062 Labra,
1390 3019 1606 3055 Valentinus
1631 3019 1726 3054 Voit.

349 3078 358 3097 ¹
384 3076 424 3110 P.
451 3076 640 3111 Francisco
667 3075 842 3121 Scipione.
955 3075 969 3096 2
995 3074 1049 3109 Cf.
1075 3086 1184 3120 supra
1209 3086 1243 3119 p.
1269 3074 1365 3108 519¹.
1480 3074 1494 3094 ³
1517 3075 1560 3108 V.
1586 3084 1697 3118 supra
1722 3084 1756 3118 p.
1780 3071 1879 3107 456².
1906 3070 1984 3105 524.

345 3131 358 3149 ⁴
384 3129 487 3171 Vide,
513 3140 605 3173 quae
629 3128 698 3164 hac
723 3129 767 3163 de
792 3141 830 3163 re
856 3128 913 3164 28.
940 3127 1107 3164 Octobris
1135 3128 1225 3163 1559
1252 3127 1296 3162 ad
1324 3126 1506 3162 Canisium
1531 3126 1708 3171 rescripta
1732 3126 1827 3160 sunt.

348 3182 360 3202 ⁵
387 3181 440 3216 Cf.
467 3193 575 3227 supra
601 3194 633 3227 p.
661 3182 741 3217 524.
